%YAML 1.1
%TAG !u! tag:unity3d.com,2011:
--- !u!29 &1
OcclusionCullingSettings:
  m_ObjectHideFlags: 0
  serializedVersion: 2
  m_OcclusionBakeSettings:
    smallestOccluder: 5
    smallestHole: 0.25
    backfaceThreshold: 100
  m_SceneGUID: 00000000000000000000000000000000
  m_OcclusionCullingData: {fileID: 0}
--- !u!104 &2
RenderSettings:
  m_ObjectHideFlags: 0
  serializedVersion: 9
  m_Fog: 0
  m_FogColor: {r: 0.5, g: 0.5, b: 0.5, a: 1}
  m_FogMode: 3
  m_FogDensity: 0.01
  m_LinearFogStart: 0
  m_LinearFogEnd: 300
  m_AmbientSkyColor: {r: 0.212, g: 0.227, b: 0.259, a: 1}
  m_AmbientEquatorColor: {r: 0.114, g: 0.125, b: 0.133, a: 1}
  m_AmbientGroundColor: {r: 0.047, g: 0.043, b: 0.035, a: 1}
  m_AmbientIntensity: 1
  m_AmbientMode: 0
  m_SubtractiveShadowColor: {r: 0.42, g: 0.478, b: 0.627, a: 1}
  m_SkyboxMaterial: {fileID: 10304, guid: 0000000000000000f000000000000000, type: 0}
  m_HaloStrength: 0.5
  m_FlareStrength: 1
  m_FlareFadeSpeed: 3
  m_HaloTexture: {fileID: 0}
  m_SpotCookie: {fileID: 10001, guid: 0000000000000000e000000000000000, type: 0}
  m_DefaultReflectionMode: 0
  m_DefaultReflectionResolution: 128
  m_ReflectionBounces: 1
  m_ReflectionIntensity: 1
  m_CustomReflection: {fileID: 0}
  m_Sun: {fileID: 0}
  m_IndirectSpecularColor: {r: 0.37311953, g: 0.38074014, b: 0.3587274, a: 1}
  m_UseRadianceAmbientProbe: 0
--- !u!157 &3
LightmapSettings:
  m_ObjectHideFlags: 0
  serializedVersion: 11
  m_GIWorkflowMode: 0
  m_GISettings:
    serializedVersion: 2
    m_BounceScale: 1
    m_IndirectOutputScale: 1
    m_AlbedoBoost: 1
    m_EnvironmentLightingMode: 0
    m_EnableBakedLightmaps: 1
    m_EnableRealtimeLightmaps: 1
  m_LightmapEditorSettings:
    serializedVersion: 10
    m_Resolution: 2
    m_BakeResolution: 40
    m_AtlasSize: 1024
    m_AO: 0
    m_AOMaxDistance: 1
    m_CompAOExponent: 1
    m_CompAOExponentDirect: 0
    m_Padding: 2
    m_LightmapParameters: {fileID: 0}
    m_LightmapsBakeMode: 1
    m_TextureCompression: 1
    m_FinalGather: 0
    m_FinalGatherFiltering: 1
    m_FinalGatherRayCount: 256
    m_ReflectionCompression: 2
    m_MixedBakeMode: 2
    m_BakeBackend: 1
    m_PVRSampling: 1
    m_PVRDirectSampleCount: 32
    m_PVRSampleCount: 500
    m_PVRBounces: 2
    m_PVRFilterTypeDirect: 0
    m_PVRFilterTypeIndirect: 0
    m_PVRFilterTypeAO: 0
    m_PVRFilteringMode: 1
    m_PVRCulling: 1
    m_PVRFilteringGaussRadiusDirect: 1
    m_PVRFilteringGaussRadiusIndirect: 5
    m_PVRFilteringGaussRadiusAO: 2
    m_PVRFilteringAtrousPositionSigmaDirect: 0.5
    m_PVRFilteringAtrousPositionSigmaIndirect: 2
    m_PVRFilteringAtrousPositionSigmaAO: 1
    m_ShowResolutionOverlay: 1
  m_LightingDataAsset: {fileID: 0}
  m_UseShadowmask: 1
--- !u!196 &4
NavMeshSettings:
  serializedVersion: 2
  m_ObjectHideFlags: 0
  m_BuildSettings:
    serializedVersion: 2
    agentTypeID: 0
    agentRadius: 0.5
    agentHeight: 2
    agentSlope: 45
    agentClimb: 0.4
    ledgeDropHeight: 0
    maxJumpAcrossDistance: 0
    minRegionArea: 2
    manualCellSize: 0
    cellSize: 0.16666667
    manualTileSize: 0
    tileSize: 256
    accuratePlacement: 0
    debug:
      m_Flags: 0
  m_NavMeshData: {fileID: 0}
--- !u!1 &9961839
GameObject:
  m_ObjectHideFlags: 0
  m_CorrespondingSourceObject: {fileID: 0}
  m_PrefabInstance: {fileID: 0}
  m_PrefabAsset: {fileID: 0}
  serializedVersion: 6
  m_Component:
  - component: {fileID: 9961842}
  - component: {fileID: 9961841}
  - component: {fileID: 9961840}
  m_Layer: 0
  m_Name: EventSystem
  m_TagString: Untagged
  m_Icon: {fileID: 0}
  m_NavMeshLayer: 0
  m_StaticEditorFlags: 0
  m_IsActive: 1
--- !u!114 &9961840
MonoBehaviour:
  m_ObjectHideFlags: 0
  m_CorrespondingSourceObject: {fileID: 0}
  m_PrefabInstance: {fileID: 0}
  m_PrefabAsset: {fileID: 0}
  m_GameObject: {fileID: 9961839}
  m_Enabled: 1
  m_EditorHideFlags: 0
  m_Script: {fileID: 1077351063, guid: f70555f144d8491a825f0804e09c671c, type: 3}
  m_Name: 
  m_EditorClassIdentifier: 
  m_HorizontalAxis: Horizontal
  m_VerticalAxis: Vertical
  m_SubmitButton: Submit
  m_CancelButton: Cancel
  m_InputActionsPerSecond: 10
  m_RepeatDelay: 0.5
  m_ForceModuleActive: 0
--- !u!114 &9961841
MonoBehaviour:
  m_ObjectHideFlags: 0
  m_CorrespondingSourceObject: {fileID: 0}
  m_PrefabInstance: {fileID: 0}
  m_PrefabAsset: {fileID: 0}
  m_GameObject: {fileID: 9961839}
  m_Enabled: 1
  m_EditorHideFlags: 0
  m_Script: {fileID: -619905303, guid: f70555f144d8491a825f0804e09c671c, type: 3}
  m_Name: 
  m_EditorClassIdentifier: 
  m_FirstSelected: {fileID: 0}
  m_sendNavigationEvents: 1
  m_DragThreshold: 10
--- !u!4 &9961842
Transform:
  m_ObjectHideFlags: 0
  m_CorrespondingSourceObject: {fileID: 0}
  m_PrefabInstance: {fileID: 0}
  m_PrefabAsset: {fileID: 0}
  m_GameObject: {fileID: 9961839}
  m_LocalRotation: {x: -0, y: -0, z: 0.22920047, w: 0.97337925}
  m_LocalPosition: {x: 3.7670388, y: 1.3194768, z: 0}
  m_LocalScale: {x: 1, y: 1, z: 1}
  m_Children:
  - {fileID: 1924178900}
  m_Father: {fileID: 243348771}
  m_RootOrder: 1
  m_LocalEulerAnglesHint: {x: 0, y: 0, z: 0}
--- !u!1001 &10584777
PrefabInstance:
  m_ObjectHideFlags: 0
  serializedVersion: 2
  m_Modification:
    m_TransformParent: {fileID: 158548242}
    m_Modifications:
    - target: {fileID: 3543038194426127532, guid: b07eb7062674c1e4fafb42c0ae7a9f36,
        type: 3}
      propertyPath: m_Name
      value: 5
      objectReference: {fileID: 0}
    - target: {fileID: 5343832854379867343, guid: b07eb7062674c1e4fafb42c0ae7a9f36,
        type: 3}
      propertyPath: m_LocalPosition.x
      value: -3.6193726
      objectReference: {fileID: 0}
    - target: {fileID: 5343832854379867343, guid: b07eb7062674c1e4fafb42c0ae7a9f36,
        type: 3}
      propertyPath: m_LocalPosition.y
      value: -2.0611424
      objectReference: {fileID: 0}
    - target: {fileID: 5343832854379867343, guid: b07eb7062674c1e4fafb42c0ae7a9f36,
        type: 3}
      propertyPath: m_LocalPosition.z
      value: -111.294945
      objectReference: {fileID: 0}
    - target: {fileID: 5343832854379867343, guid: b07eb7062674c1e4fafb42c0ae7a9f36,
        type: 3}
      propertyPath: m_LocalRotation.x
      value: -0
      objectReference: {fileID: 0}
    - target: {fileID: 5343832854379867343, guid: b07eb7062674c1e4fafb42c0ae7a9f36,
        type: 3}
      propertyPath: m_LocalRotation.y
      value: -0
      objectReference: {fileID: 0}
    - target: {fileID: 5343832854379867343, guid: b07eb7062674c1e4fafb42c0ae7a9f36,
        type: 3}
      propertyPath: m_LocalRotation.z
      value: 0.04266643
      objectReference: {fileID: 0}
    - target: {fileID: 5343832854379867343, guid: b07eb7062674c1e4fafb42c0ae7a9f36,
        type: 3}
      propertyPath: m_LocalRotation.w
      value: 0.99908936
      objectReference: {fileID: 0}
    - target: {fileID: 5343832854379867343, guid: b07eb7062674c1e4fafb42c0ae7a9f36,
        type: 3}
      propertyPath: m_RootOrder
      value: 1
      objectReference: {fileID: 0}
    - target: {fileID: 5343832854379867343, guid: b07eb7062674c1e4fafb42c0ae7a9f36,
        type: 3}
      propertyPath: m_LocalEulerAnglesHint.x
      value: 0
      objectReference: {fileID: 0}
    - target: {fileID: 5343832854379867343, guid: b07eb7062674c1e4fafb42c0ae7a9f36,
        type: 3}
      propertyPath: m_LocalEulerAnglesHint.y
      value: 0
      objectReference: {fileID: 0}
    - target: {fileID: 5343832854379867343, guid: b07eb7062674c1e4fafb42c0ae7a9f36,
        type: 3}
      propertyPath: m_LocalEulerAnglesHint.z
      value: 4.8910003
      objectReference: {fileID: 0}
    m_RemovedComponents: []
  m_SourcePrefab: {fileID: 100100000, guid: b07eb7062674c1e4fafb42c0ae7a9f36, type: 3}
--- !u!4 &125152849 stripped
Transform:
  m_CorrespondingSourceObject: {fileID: 8084292484250861661, guid: d02fa19e105c8b34682726a651ede180,
    type: 3}
  m_PrefabInstance: {fileID: 537529221}
  m_PrefabAsset: {fileID: 0}
--- !u!1 &158548241
GameObject:
  m_ObjectHideFlags: 0
  m_CorrespondingSourceObject: {fileID: 0}
  m_PrefabInstance: {fileID: 0}
  m_PrefabAsset: {fileID: 0}
  serializedVersion: 6
  m_Component:
  - component: {fileID: 158548242}
  m_Layer: 0
  m_Name: cortacespeds
  m_TagString: Untagged
  m_Icon: {fileID: 0}
  m_NavMeshLayer: 0
  m_StaticEditorFlags: 0
  m_IsActive: 1
--- !u!4 &158548242
Transform:
  m_ObjectHideFlags: 0
  m_CorrespondingSourceObject: {fileID: 0}
  m_PrefabInstance: {fileID: 0}
  m_PrefabAsset: {fileID: 0}
  m_GameObject: {fileID: 158548241}
  m_LocalRotation: {x: 0, y: 0, z: 0, w: 1}
  m_LocalPosition: {x: -0.8834217, y: 1.6664865, z: 111.294945}
  m_LocalScale: {x: 1, y: 1, z: 1}
  m_Children:
  - {fileID: 1311820662}
  - {fileID: 182747156}
  - {fileID: 1529868485}
  - {fileID: 1542666012}
  - {fileID: 125152849}
  - {fileID: 1353457719}
  m_Father: {fileID: 0}
  m_RootOrder: 4
  m_LocalEulerAnglesHint: {x: 0, y: 0, z: 0}
--- !u!4 &182747156 stripped
Transform:
  m_CorrespondingSourceObject: {fileID: 5343832854379867343, guid: b07eb7062674c1e4fafb42c0ae7a9f36,
    type: 3}
  m_PrefabInstance: {fileID: 10584777}
  m_PrefabAsset: {fileID: 0}
--- !u!1 &243348769
GameObject:
  m_ObjectHideFlags: 0
  m_CorrespondingSourceObject: {fileID: 0}
  m_PrefabInstance: {fileID: 0}
  m_PrefabAsset: {fileID: 0}
  serializedVersion: 6
  m_Component:
  - component: {fileID: 243348771}
  - component: {fileID: 243348770}
  - component: {fileID: 243348772}
  m_Layer: 0
  m_Name: Grid
  m_TagString: Untagged
  m_Icon: {fileID: 0}
  m_NavMeshLayer: 0
  m_StaticEditorFlags: 0
  m_IsActive: 1
--- !u!156049354 &243348770
Grid:
  m_ObjectHideFlags: 0
  m_CorrespondingSourceObject: {fileID: 0}
  m_PrefabInstance: {fileID: 0}
  m_PrefabAsset: {fileID: 0}
  m_GameObject: {fileID: 243348769}
  m_Enabled: 1
  m_CellSize: {x: 1.6, y: 0.8, z: 1.6}
  m_CellGap: {x: 0, y: 0, z: 0}
  m_CellLayout: 2
  m_CellSwizzle: 0
--- !u!4 &243348771
Transform:
  m_ObjectHideFlags: 0
  m_CorrespondingSourceObject: {fileID: 0}
  m_PrefabInstance: {fileID: 0}
  m_PrefabAsset: {fileID: 0}
  m_GameObject: {fileID: 243348769}
  m_LocalRotation: {x: 0, y: 0, z: -0.22920047, w: 0.97337925}
  m_LocalPosition: {x: -3.96, y: 0.5, z: 0}
  m_LocalScale: {x: 1, y: 1, z: 1}
  m_Children:
  - {fileID: 2000511408}
  - {fileID: 9961842}
  m_Father: {fileID: 0}
  m_RootOrder: 2
  m_LocalEulerAnglesHint: {x: 0, y: 0, z: -26.5}
--- !u!1839735485 &243348772
Tilemap:
  m_ObjectHideFlags: 0
  m_CorrespondingSourceObject: {fileID: 0}
  m_PrefabInstance: {fileID: 0}
  m_PrefabAsset: {fileID: 0}
  m_GameObject: {fileID: 243348769}
  m_Enabled: 1
  m_Tiles:
  - first: {x: 7, y: -6, z: 0}
    second:
      m_TileIndex: 0
      m_TileSpriteIndex: 0
      m_TileMatrixIndex: 0
      m_TileColorIndex: 0
      m_ObjectToInstantiate: {fileID: 0}
      m_TileFlags: 1
      m_ColliderType: 1
  - first: {x: 1, y: -4, z: 0}
    second:
      m_TileIndex: 0
      m_TileSpriteIndex: 0
      m_TileMatrixIndex: 0
      m_TileColorIndex: 0
      m_ObjectToInstantiate: {fileID: 0}
      m_TileFlags: 1
      m_ColliderType: 1
  - first: {x: 2, y: -4, z: 0}
    second:
      m_TileIndex: 1
      m_TileSpriteIndex: 1
      m_TileMatrixIndex: 0
      m_TileColorIndex: 0
      m_ObjectToInstantiate: {fileID: 0}
      m_TileFlags: 1
      m_ColliderType: 1
  - first: {x: 3, y: -4, z: 0}
    second:
      m_TileIndex: 1
      m_TileSpriteIndex: 1
      m_TileMatrixIndex: 0
      m_TileColorIndex: 0
      m_ObjectToInstantiate: {fileID: 0}
      m_TileFlags: 1
      m_ColliderType: 1
  - first: {x: 4, y: -4, z: 0}
    second:
      m_TileIndex: 1
      m_TileSpriteIndex: 1
      m_TileMatrixIndex: 0
      m_TileColorIndex: 0
      m_ObjectToInstantiate: {fileID: 0}
      m_TileFlags: 1
      m_ColliderType: 1
  - first: {x: 5, y: -4, z: 0}
    second:
      m_TileIndex: 1
      m_TileSpriteIndex: 1
      m_TileMatrixIndex: 0
      m_TileColorIndex: 0
      m_ObjectToInstantiate: {fileID: 0}
      m_TileFlags: 1
      m_ColliderType: 1
  - first: {x: -5, y: -3, z: 0}
    second:
      m_TileIndex: 1
      m_TileSpriteIndex: 1
      m_TileMatrixIndex: 0
      m_TileColorIndex: 0
      m_ObjectToInstantiate: {fileID: 0}
      m_TileFlags: 1
      m_ColliderType: 1
  - first: {x: 1, y: -3, z: 0}
    second:
      m_TileIndex: 1
      m_TileSpriteIndex: 1
      m_TileMatrixIndex: 0
      m_TileColorIndex: 0
      m_ObjectToInstantiate: {fileID: 0}
      m_TileFlags: 1
      m_ColliderType: 1
  - first: {x: 2, y: -3, z: 0}
    second:
      m_TileIndex: 1
      m_TileSpriteIndex: 1
      m_TileMatrixIndex: 0
      m_TileColorIndex: 0
      m_ObjectToInstantiate: {fileID: 0}
      m_TileFlags: 1
      m_ColliderType: 1
  - first: {x: 3, y: -3, z: 0}
    second:
      m_TileIndex: 1
      m_TileSpriteIndex: 1
      m_TileMatrixIndex: 0
      m_TileColorIndex: 0
      m_ObjectToInstantiate: {fileID: 0}
      m_TileFlags: 1
      m_ColliderType: 1
  - first: {x: 4, y: -3, z: 0}
    second:
      m_TileIndex: 1
      m_TileSpriteIndex: 1
      m_TileMatrixIndex: 0
      m_TileColorIndex: 0
      m_ObjectToInstantiate: {fileID: 0}
      m_TileFlags: 1
      m_ColliderType: 1
  - first: {x: 5, y: -3, z: 0}
    second:
      m_TileIndex: 1
      m_TileSpriteIndex: 1
      m_TileMatrixIndex: 0
      m_TileColorIndex: 0
      m_ObjectToInstantiate: {fileID: 0}
      m_TileFlags: 1
      m_ColliderType: 1
  - first: {x: 2, y: -2, z: 0}
    second:
      m_TileIndex: 1
      m_TileSpriteIndex: 1
      m_TileMatrixIndex: 0
      m_TileColorIndex: 0
      m_ObjectToInstantiate: {fileID: 0}
      m_TileFlags: 1
      m_ColliderType: 1
  - first: {x: 3, y: -2, z: 0}
    second:
      m_TileIndex: 1
      m_TileSpriteIndex: 1
      m_TileMatrixIndex: 0
      m_TileColorIndex: 0
      m_ObjectToInstantiate: {fileID: 0}
      m_TileFlags: 1
      m_ColliderType: 1
  - first: {x: 4, y: -2, z: 0}
    second:
      m_TileIndex: 1
      m_TileSpriteIndex: 1
      m_TileMatrixIndex: 0
      m_TileColorIndex: 0
      m_ObjectToInstantiate: {fileID: 0}
      m_TileFlags: 1
      m_ColliderType: 1
  - first: {x: 5, y: -2, z: 0}
    second:
      m_TileIndex: 1
      m_TileSpriteIndex: 1
      m_TileMatrixIndex: 0
      m_TileColorIndex: 0
      m_ObjectToInstantiate: {fileID: 0}
      m_TileFlags: 1
      m_ColliderType: 1
  - first: {x: -4, y: -1, z: 0}
    second:
      m_TileIndex: 1
      m_TileSpriteIndex: 1
      m_TileMatrixIndex: 0
      m_TileColorIndex: 0
      m_ObjectToInstantiate: {fileID: 0}
      m_TileFlags: 1
      m_ColliderType: 1
  - first: {x: -3, y: -1, z: 0}
    second:
      m_TileIndex: 1
      m_TileSpriteIndex: 1
      m_TileMatrixIndex: 0
      m_TileColorIndex: 0
      m_ObjectToInstantiate: {fileID: 0}
      m_TileFlags: 1
      m_ColliderType: 1
  - first: {x: 4, y: -1, z: 0}
    second:
      m_TileIndex: 1
      m_TileSpriteIndex: 1
      m_TileMatrixIndex: 0
      m_TileColorIndex: 0
      m_ObjectToInstantiate: {fileID: 0}
      m_TileFlags: 1
      m_ColliderType: 1
  - first: {x: 5, y: -1, z: 0}
    second:
      m_TileIndex: 1
      m_TileSpriteIndex: 1
      m_TileMatrixIndex: 0
      m_TileColorIndex: 0
      m_ObjectToInstantiate: {fileID: 0}
      m_TileFlags: 1
      m_ColliderType: 1
  - first: {x: -7, y: 0, z: 0}
    second:
      m_TileIndex: 1
      m_TileSpriteIndex: 1
      m_TileMatrixIndex: 0
      m_TileColorIndex: 0
      m_ObjectToInstantiate: {fileID: 0}
      m_TileFlags: 1
      m_ColliderType: 1
  - first: {x: 4, y: 0, z: 0}
    second:
      m_TileIndex: 1
      m_TileSpriteIndex: 1
      m_TileMatrixIndex: 0
      m_TileColorIndex: 0
      m_ObjectToInstantiate: {fileID: 0}
      m_TileFlags: 1
      m_ColliderType: 1
  - first: {x: 5, y: 0, z: 0}
    second:
      m_TileIndex: 1
      m_TileSpriteIndex: 1
      m_TileMatrixIndex: 0
      m_TileColorIndex: 0
      m_ObjectToInstantiate: {fileID: 0}
      m_TileFlags: 1
      m_ColliderType: 1
  - first: {x: -7, y: 1, z: 0}
    second:
      m_TileIndex: 1
      m_TileSpriteIndex: 1
      m_TileMatrixIndex: 0
      m_TileColorIndex: 0
      m_ObjectToInstantiate: {fileID: 0}
      m_TileFlags: 1
      m_ColliderType: 1
  - first: {x: 4, y: 1, z: 0}
    second:
      m_TileIndex: 1
      m_TileSpriteIndex: 1
      m_TileMatrixIndex: 0
      m_TileColorIndex: 0
      m_ObjectToInstantiate: {fileID: 0}
      m_TileFlags: 1
      m_ColliderType: 1
  - first: {x: 5, y: 1, z: 0}
    second:
      m_TileIndex: 1
      m_TileSpriteIndex: 1
      m_TileMatrixIndex: 0
      m_TileColorIndex: 0
      m_ObjectToInstantiate: {fileID: 0}
      m_TileFlags: 1
      m_ColliderType: 1
  - first: {x: -7, y: 2, z: 0}
    second:
      m_TileIndex: 1
      m_TileSpriteIndex: 1
      m_TileMatrixIndex: 0
      m_TileColorIndex: 0
      m_ObjectToInstantiate: {fileID: 0}
      m_TileFlags: 1
      m_ColliderType: 1
  - first: {x: -6, y: 2, z: 0}
    second:
      m_TileIndex: 1
      m_TileSpriteIndex: 1
      m_TileMatrixIndex: 0
      m_TileColorIndex: 0
      m_ObjectToInstantiate: {fileID: 0}
      m_TileFlags: 1
      m_ColliderType: 1
  - first: {x: 4, y: 2, z: 0}
    second:
      m_TileIndex: 1
      m_TileSpriteIndex: 1
      m_TileMatrixIndex: 0
      m_TileColorIndex: 0
      m_ObjectToInstantiate: {fileID: 0}
      m_TileFlags: 1
      m_ColliderType: 1
  - first: {x: 5, y: 2, z: 0}
    second:
      m_TileIndex: 1
      m_TileSpriteIndex: 1
      m_TileMatrixIndex: 0
      m_TileColorIndex: 0
      m_ObjectToInstantiate: {fileID: 0}
      m_TileFlags: 1
      m_ColliderType: 1
  - first: {x: -7, y: 3, z: 0}
    second:
      m_TileIndex: 1
      m_TileSpriteIndex: 1
      m_TileMatrixIndex: 0
      m_TileColorIndex: 0
      m_ObjectToInstantiate: {fileID: 0}
      m_TileFlags: 1
      m_ColliderType: 1
  - first: {x: -6, y: 3, z: 0}
    second:
      m_TileIndex: 1
      m_TileSpriteIndex: 1
      m_TileMatrixIndex: 0
      m_TileColorIndex: 0
      m_ObjectToInstantiate: {fileID: 0}
      m_TileFlags: 1
      m_ColliderType: 1
  - first: {x: 4, y: 3, z: 0}
    second:
      m_TileIndex: 1
      m_TileSpriteIndex: 1
      m_TileMatrixIndex: 0
      m_TileColorIndex: 0
      m_ObjectToInstantiate: {fileID: 0}
      m_TileFlags: 1
      m_ColliderType: 1
  m_AnimatedTiles: {}
  m_TileAssetArray:
  - m_RefCount: 2
    m_Data: {fileID: 11400000, guid: ceb83b8ed98594644b8a9b3a81db410b, type: 2}
  - m_RefCount: 31
    m_Data: {fileID: 11400000, guid: aa23b793c805c0d4db0277498909dcb0, type: 2}
  m_TileSpriteArray:
  - m_RefCount: 2
    m_Data: {fileID: 21300000, guid: 6ed53f3cdfac80b4a98de35031347f0b, type: 3}
  - m_RefCount: 31
    m_Data: {fileID: 21300000, guid: a52bc803e740cc544b5d0dbeec9eda83, type: 3}
  m_TileMatrixArray:
  - m_RefCount: 33
    m_Data:
      e00: 1
      e01: 0
      e02: 0
      e03: 0
      e10: 0
      e11: 1
      e12: 0
      e13: 0
      e20: 0
      e21: 0
      e22: 1
      e23: 0
      e30: 0
      e31: 0
      e32: 0
      e33: 1
  m_TileColorArray:
  - m_RefCount: 33
    m_Data: {r: 1, g: 1, b: 1, a: 1}
  m_AnimationFrameRate: 1
  m_Color: {r: 1, g: 1, b: 1, a: 1}
  m_Origin: {x: -7, y: -6, z: 0}
  m_Size: {x: 15, y: 10, z: 1}
  m_TileAnchor: {x: 0.1, y: 0.1, z: 0}
  m_TileOrientation: 6
  m_TileOrientationMatrix:
    e00: 1.6
    e01: 0
    e02: 0
    e03: 0
    e10: 0
    e11: 1.6
    e12: 0
    e13: 0
    e20: 0
    e21: 0
    e22: 1.6
    e23: 0
    e30: 0
    e31: 0
    e32: 0
    e33: 1
--- !u!1 &300821329
GameObject:
  m_ObjectHideFlags: 0
  m_CorrespondingSourceObject: {fileID: 0}
  m_PrefabInstance: {fileID: 0}
  m_PrefabAsset: {fileID: 0}
  serializedVersion: 6
  m_Component:
  - component: {fileID: 300821332}
  - component: {fileID: 300821331}
  - component: {fileID: 300821330}
  m_Layer: 0
  m_Name: Main Camera
  m_TagString: MainCamera
  m_Icon: {fileID: 0}
  m_NavMeshLayer: 0
  m_StaticEditorFlags: 0
  m_IsActive: 1
--- !u!81 &300821330
AudioListener:
  m_ObjectHideFlags: 0
  m_CorrespondingSourceObject: {fileID: 0}
  m_PrefabInstance: {fileID: 0}
  m_PrefabAsset: {fileID: 0}
  m_GameObject: {fileID: 300821329}
  m_Enabled: 1
--- !u!20 &300821331
Camera:
  m_ObjectHideFlags: 0
  m_CorrespondingSourceObject: {fileID: 0}
  m_PrefabInstance: {fileID: 0}
  m_PrefabAsset: {fileID: 0}
  m_GameObject: {fileID: 300821329}
  m_Enabled: 1
  serializedVersion: 2
  m_ClearFlags: 2
  m_BackGroundColor: {r: 0.19215687, g: 0.3019608, b: 0.4745098, a: 0}
  m_projectionMatrixMode: 1
  m_SensorSize: {x: 36, y: 24}
  m_LensShift: {x: 0, y: 0}
  m_GateFitMode: 2
  m_FocalLength: 50
  m_NormalizedViewPortRect:
    serializedVersion: 2
    x: 0
    y: 0
    width: 1
    height: 1
  near clip plane: 0.3
  far clip plane: 1000
  field of view: 33
  orthographic: 1
  orthographic size: 5
  m_Depth: -1
  m_CullingMask:
    serializedVersion: 2
    m_Bits: 4294967295
  m_RenderingPath: -1
  m_TargetTexture: {fileID: 0}
  m_TargetDisplay: 0
  m_TargetEye: 3
  m_HDR: 1
  m_AllowMSAA: 1
  m_AllowDynamicResolution: 0
  m_ForceIntoRT: 0
  m_OcclusionCulling: 1
  m_StereoConvergence: 10
  m_StereoSeparation: 0.022
--- !u!4 &300821332
Transform:
  m_ObjectHideFlags: 0
  m_CorrespondingSourceObject: {fileID: 0}
  m_PrefabInstance: {fileID: 0}
  m_PrefabAsset: {fileID: 0}
  m_GameObject: {fileID: 300821329}
  m_LocalRotation: {x: 0, y: 0, z: 0, w: 1}
  m_LocalPosition: {x: 0, y: 0, z: -10}
  m_LocalScale: {x: 1, y: 1, z: 1}
  m_Children: []
  m_Father: {fileID: 0}
  m_RootOrder: 0
  m_LocalEulerAnglesHint: {x: 0, y: 0, z: 0}
--- !u!1 &374762057
GameObject:
  m_ObjectHideFlags: 0
  m_CorrespondingSourceObject: {fileID: 0}
  m_PrefabInstance: {fileID: 0}
  m_PrefabAsset: {fileID: 0}
  serializedVersion: 6
  m_Component:
  - component: {fileID: 374762058}
  - component: {fileID: 374762061}
  - component: {fileID: 374762060}
  - component: {fileID: 374762059}
  m_Layer: 5
  m_Name: Carta lanzaGisatesHielo
  m_TagString: Untagged
  m_Icon: {fileID: 0}
  m_NavMeshLayer: 0
  m_StaticEditorFlags: 0
  m_IsActive: 1
--- !u!224 &374762058
RectTransform:
  m_ObjectHideFlags: 0
  m_CorrespondingSourceObject: {fileID: 0}
  m_PrefabInstance: {fileID: 0}
  m_PrefabAsset: {fileID: 0}
  m_GameObject: {fileID: 374762057}
  m_LocalRotation: {x: 0, y: 0, z: 0, w: 1}
  m_LocalPosition: {x: 0, y: 0, z: 0}
  m_LocalScale: {x: 1, y: 1, z: 1}
  m_Children: []
  m_Father: {fileID: 1924178900}
  m_RootOrder: 4
  m_LocalEulerAnglesHint: {x: 0, y: 0, z: 0}
  m_AnchorMin: {x: 0, y: 0}
  m_AnchorMax: {x: 0, y: 0}
  m_AnchoredPosition: {x: 480.8501, y: 31.699951}
  m_SizeDelta: {x: 66.899994, y: 66.899994}
  m_Pivot: {x: 0, y: 0}
--- !u!114 &374762059
MonoBehaviour:
  m_ObjectHideFlags: 0
  m_CorrespondingSourceObject: {fileID: 0}
  m_PrefabInstance: {fileID: 0}
  m_PrefabAsset: {fileID: 0}
  m_GameObject: {fileID: 374762057}
  m_Enabled: 1
  m_EditorHideFlags: 0
  m_Script: {fileID: 1392445389, guid: f70555f144d8491a825f0804e09c671c, type: 3}
  m_Name: 
  m_EditorClassIdentifier: 
  m_Navigation:
    m_Mode: 3
    m_SelectOnUp: {fileID: 0}
    m_SelectOnDown: {fileID: 0}
    m_SelectOnLeft: {fileID: 0}
    m_SelectOnRight: {fileID: 0}
  m_Transition: 1
  m_Colors:
    m_NormalColor: {r: 1, g: 1, b: 1, a: 1}
    m_HighlightedColor: {r: 0.9607843, g: 0.9607843, b: 0.9607843, a: 1}
    m_PressedColor: {r: 0.78431374, g: 0.78431374, b: 0.78431374, a: 1}
    m_DisabledColor: {r: 0.78431374, g: 0.78431374, b: 0.78431374, a: 0.5019608}
    m_ColorMultiplier: 1
    m_FadeDuration: 0.1
  m_SpriteState:
    m_HighlightedSprite: {fileID: 0}
    m_PressedSprite: {fileID: 0}
    m_DisabledSprite: {fileID: 0}
  m_AnimationTriggers:
    m_NormalTrigger: Normal
    m_HighlightedTrigger: Highlighted
    m_PressedTrigger: Pressed
    m_DisabledTrigger: Disabled
  m_Interactable: 1
  m_TargetGraphic: {fileID: 374762060}
  m_OnClick:
    m_PersistentCalls:
      m_Calls:
      - m_Target: {fileID: 1224437643}
        m_MethodName: spawnLanzaGisantesHielo
        m_Mode: 1
        m_Arguments:
          m_ObjectArgument: {fileID: 0}
          m_ObjectArgumentAssemblyTypeName: UnityEngine.Object, UnityEngine
          m_IntArgument: 0
          m_FloatArgument: 0
          m_StringArgument: 
          m_BoolArgument: 0
        m_CallState: 2
    m_TypeName: UnityEngine.UI.Button+ButtonClickedEvent, UnityEngine.UI, Version=1.0.0.0,
      Culture=neutral, PublicKeyToken=null
--- !u!114 &374762060
MonoBehaviour:
  m_ObjectHideFlags: 0
  m_CorrespondingSourceObject: {fileID: 0}
  m_PrefabInstance: {fileID: 0}
  m_PrefabAsset: {fileID: 0}
  m_GameObject: {fileID: 374762057}
  m_Enabled: 1
  m_EditorHideFlags: 0
  m_Script: {fileID: -765806418, guid: f70555f144d8491a825f0804e09c671c, type: 3}
  m_Name: 
  m_EditorClassIdentifier: 
  m_Material: {fileID: 0}
  m_Color: {r: 1, g: 1, b: 1, a: 1}
  m_RaycastTarget: 1
  m_OnCullStateChanged:
    m_PersistentCalls:
      m_Calls: []
    m_TypeName: UnityEngine.UI.MaskableGraphic+CullStateChangedEvent, UnityEngine.UI,
      Version=1.0.0.0, Culture=neutral, PublicKeyToken=null
  m_Sprite: {fileID: 21300000, guid: 18b1f1769ad814e4f8f64669124cfe2e, type: 3}
  m_Type: 0
  m_PreserveAspect: 0
  m_FillCenter: 1
  m_FillMethod: 4
  m_FillAmount: 1
  m_FillClockwise: 1
  m_FillOrigin: 0
  m_UseSpriteMesh: 0
--- !u!222 &374762061
CanvasRenderer:
  m_ObjectHideFlags: 0
  m_CorrespondingSourceObject: {fileID: 0}
  m_PrefabInstance: {fileID: 0}
  m_PrefabAsset: {fileID: 0}
  m_GameObject: {fileID: 374762057}
  m_CullTransparentMesh: 0
--- !u!1001 &537529221
PrefabInstance:
  m_ObjectHideFlags: 0
  serializedVersion: 2
  m_Modification:
    m_TransformParent: {fileID: 158548242}
    m_Modifications:
    - target: {fileID: 1387391978640687256, guid: d02fa19e105c8b34682726a651ede180,
        type: 3}
      propertyPath: m_Name
      value: 2
      objectReference: {fileID: 0}
    - target: {fileID: 8084292484250861661, guid: d02fa19e105c8b34682726a651ede180,
        type: 3}
      propertyPath: m_LocalPosition.x
      value: -5.2589293
      objectReference: {fileID: 0}
    - target: {fileID: 8084292484250861661, guid: d02fa19e105c8b34682726a651ede180,
        type: 3}
      propertyPath: m_LocalPosition.y
      value: 0.1059947
      objectReference: {fileID: 0}
    - target: {fileID: 8084292484250861661, guid: d02fa19e105c8b34682726a651ede180,
        type: 3}
      propertyPath: m_LocalPosition.z
      value: -111.294945
      objectReference: {fileID: 0}
    - target: {fileID: 8084292484250861661, guid: d02fa19e105c8b34682726a651ede180,
        type: 3}
      propertyPath: m_LocalRotation.x
      value: -0
      objectReference: {fileID: 0}
    - target: {fileID: 8084292484250861661, guid: d02fa19e105c8b34682726a651ede180,
        type: 3}
      propertyPath: m_LocalRotation.y
      value: -0
      objectReference: {fileID: 0}
    - target: {fileID: 8084292484250861661, guid: d02fa19e105c8b34682726a651ede180,
        type: 3}
      propertyPath: m_LocalRotation.z
      value: 0.04266643
      objectReference: {fileID: 0}
    - target: {fileID: 8084292484250861661, guid: d02fa19e105c8b34682726a651ede180,
        type: 3}
      propertyPath: m_LocalRotation.w
      value: 0.99908936
      objectReference: {fileID: 0}
    - target: {fileID: 8084292484250861661, guid: d02fa19e105c8b34682726a651ede180,
        type: 3}
      propertyPath: m_RootOrder
      value: 4
      objectReference: {fileID: 0}
    - target: {fileID: 8084292484250861661, guid: d02fa19e105c8b34682726a651ede180,
        type: 3}
      propertyPath: m_LocalEulerAnglesHint.x
      value: 0
      objectReference: {fileID: 0}
    - target: {fileID: 8084292484250861661, guid: d02fa19e105c8b34682726a651ede180,
        type: 3}
      propertyPath: m_LocalEulerAnglesHint.y
      value: 0
      objectReference: {fileID: 0}
    - target: {fileID: 8084292484250861661, guid: d02fa19e105c8b34682726a651ede180,
        type: 3}
      propertyPath: m_LocalEulerAnglesHint.z
      value: 4.8910003
      objectReference: {fileID: 0}
    m_RemovedComponents: []
  m_SourcePrefab: {fileID: 100100000, guid: d02fa19e105c8b34682726a651ede180, type: 3}
--- !u!1 &636565631
GameObject:
  m_ObjectHideFlags: 0
  m_CorrespondingSourceObject: {fileID: 0}
  m_PrefabInstance: {fileID: 0}
  m_PrefabAsset: {fileID: 0}
  serializedVersion: 6
  m_Component:
  - component: {fileID: 636565632}
  - component: {fileID: 636565635}
  - component: {fileID: 636565634}
  - component: {fileID: 636565633}
  m_Layer: 5
  m_Name: Carta mina
  m_TagString: Untagged
  m_Icon: {fileID: 0}
  m_NavMeshLayer: 0
  m_StaticEditorFlags: 0
  m_IsActive: 1
--- !u!224 &636565632
RectTransform:
  m_ObjectHideFlags: 0
  m_CorrespondingSourceObject: {fileID: 0}
  m_PrefabInstance: {fileID: 0}
  m_PrefabAsset: {fileID: 0}
  m_GameObject: {fileID: 636565631}
  m_LocalRotation: {x: 0, y: 0, z: 0, w: 1}
  m_LocalPosition: {x: 0, y: 0, z: 0}
  m_LocalScale: {x: 1, y: 1, z: 1}
  m_Children: []
  m_Father: {fileID: 1924178900}
  m_RootOrder: 5
  m_LocalEulerAnglesHint: {x: 0, y: 0, z: 0}
  m_AnchorMin: {x: 0.5, y: 0.5}
  m_AnchorMax: {x: 0.5, y: 0.5}
  m_AnchoredPosition: {x: 52, y: -234.8}
  m_SizeDelta: {x: 66.9, y: 66.9}
  m_Pivot: {x: 0.5, y: 0.5}
--- !u!114 &636565633
MonoBehaviour:
  m_ObjectHideFlags: 0
  m_CorrespondingSourceObject: {fileID: 0}
  m_PrefabInstance: {fileID: 0}
  m_PrefabAsset: {fileID: 0}
  m_GameObject: {fileID: 636565631}
  m_Enabled: 1
  m_EditorHideFlags: 0
  m_Script: {fileID: 1392445389, guid: f70555f144d8491a825f0804e09c671c, type: 3}
  m_Name: 
  m_EditorClassIdentifier: 
  m_Navigation:
    m_Mode: 3
    m_SelectOnUp: {fileID: 0}
    m_SelectOnDown: {fileID: 0}
    m_SelectOnLeft: {fileID: 0}
    m_SelectOnRight: {fileID: 0}
  m_Transition: 1
  m_Colors:
    m_NormalColor: {r: 1, g: 1, b: 1, a: 1}
    m_HighlightedColor: {r: 0.9607843, g: 0.9607843, b: 0.9607843, a: 1}
    m_PressedColor: {r: 0.78431374, g: 0.78431374, b: 0.78431374, a: 1}
    m_DisabledColor: {r: 0.78431374, g: 0.78431374, b: 0.78431374, a: 0.5019608}
    m_ColorMultiplier: 1
    m_FadeDuration: 0.1
  m_SpriteState:
    m_HighlightedSprite: {fileID: 0}
    m_PressedSprite: {fileID: 0}
    m_DisabledSprite: {fileID: 0}
  m_AnimationTriggers:
    m_NormalTrigger: Normal
    m_HighlightedTrigger: Highlighted
    m_PressedTrigger: Pressed
    m_DisabledTrigger: Disabled
  m_Interactable: 1
  m_TargetGraphic: {fileID: 636565634}
  m_OnClick:
    m_PersistentCalls:
      m_Calls:
      - m_Target: {fileID: 1224437643}
        m_MethodName: spawnMina
        m_Mode: 1
        m_Arguments:
          m_ObjectArgument: {fileID: 0}
          m_ObjectArgumentAssemblyTypeName: UnityEngine.Object, UnityEngine
          m_IntArgument: 0
          m_FloatArgument: 0
          m_StringArgument: 
          m_BoolArgument: 0
        m_CallState: 2
    m_TypeName: UnityEngine.UI.Button+ButtonClickedEvent, UnityEngine.UI, Version=1.0.0.0,
      Culture=neutral, PublicKeyToken=null
--- !u!114 &636565634
MonoBehaviour:
  m_ObjectHideFlags: 0
  m_CorrespondingSourceObject: {fileID: 0}
  m_PrefabInstance: {fileID: 0}
  m_PrefabAsset: {fileID: 0}
  m_GameObject: {fileID: 636565631}
  m_Enabled: 1
  m_EditorHideFlags: 0
  m_Script: {fileID: -765806418, guid: f70555f144d8491a825f0804e09c671c, type: 3}
  m_Name: 
  m_EditorClassIdentifier: 
  m_Material: {fileID: 0}
  m_Color: {r: 1, g: 1, b: 1, a: 1}
  m_RaycastTarget: 1
  m_OnCullStateChanged:
    m_PersistentCalls:
      m_Calls: []
    m_TypeName: UnityEngine.UI.MaskableGraphic+CullStateChangedEvent, UnityEngine.UI,
      Version=1.0.0.0, Culture=neutral, PublicKeyToken=null
  m_Sprite: {fileID: 21300000, guid: 5d648c958b6b2324fa350cd4376fed98, type: 3}
  m_Type: 0
  m_PreserveAspect: 0
  m_FillCenter: 1
  m_FillMethod: 4
  m_FillAmount: 1
  m_FillClockwise: 1
  m_FillOrigin: 0
  m_UseSpriteMesh: 0
--- !u!222 &636565635
CanvasRenderer:
  m_ObjectHideFlags: 0
  m_CorrespondingSourceObject: {fileID: 0}
  m_PrefabInstance: {fileID: 0}
  m_PrefabAsset: {fileID: 0}
  m_GameObject: {fileID: 636565631}
  m_CullTransparentMesh: 0
--- !u!1 &663590737
GameObject:
  m_ObjectHideFlags: 0
  m_CorrespondingSourceObject: {fileID: 0}
  m_PrefabInstance: {fileID: 0}
  m_PrefabAsset: {fileID: 0}
  serializedVersion: 6
  m_Component:
  - component: {fileID: 663590738}
  - component: {fileID: 663590741}
  - component: {fileID: 663590740}
  - component: {fileID: 663590739}
  m_Layer: 5
  m_Name: Carta Girasol
  m_TagString: Untagged
  m_Icon: {fileID: 0}
  m_NavMeshLayer: 0
  m_StaticEditorFlags: 0
  m_IsActive: 1
--- !u!224 &663590738
RectTransform:
  m_ObjectHideFlags: 0
  m_CorrespondingSourceObject: {fileID: 0}
  m_PrefabInstance: {fileID: 0}
  m_PrefabAsset: {fileID: 0}
  m_GameObject: {fileID: 663590737}
  m_LocalRotation: {x: 0, y: 0, z: 0, w: 1}
  m_LocalPosition: {x: 0, y: 0, z: 0}
  m_LocalScale: {x: 1, y: 1, z: 1}
  m_Children: []
  m_Father: {fileID: 1924178900}
  m_RootOrder: 0
  m_LocalEulerAnglesHint: {x: 0, y: 0, z: 0}
  m_AnchorMin: {x: 0, y: 0}
  m_AnchorMax: {x: 0, y: 0}
  m_AnchoredPosition: {x: 194.7998, y: 31}
  m_SizeDelta: {x: 66.9, y: 66.9}
  m_Pivot: {x: 0, y: 0}
--- !u!114 &663590739
MonoBehaviour:
  m_ObjectHideFlags: 0
  m_CorrespondingSourceObject: {fileID: 0}
  m_PrefabInstance: {fileID: 0}
  m_PrefabAsset: {fileID: 0}
  m_GameObject: {fileID: 663590737}
  m_Enabled: 1
  m_EditorHideFlags: 0
  m_Script: {fileID: 1392445389, guid: f70555f144d8491a825f0804e09c671c, type: 3}
  m_Name: 
  m_EditorClassIdentifier: 
  m_Navigation:
    m_Mode: 3
    m_SelectOnUp: {fileID: 0}
    m_SelectOnDown: {fileID: 0}
    m_SelectOnLeft: {fileID: 0}
    m_SelectOnRight: {fileID: 0}
  m_Transition: 1
  m_Colors:
    m_NormalColor: {r: 1, g: 1, b: 1, a: 1}
    m_HighlightedColor: {r: 0.9607843, g: 0.9607843, b: 0.9607843, a: 1}
    m_PressedColor: {r: 0.78431374, g: 0.78431374, b: 0.78431374, a: 1}
    m_DisabledColor: {r: 0.78431374, g: 0.78431374, b: 0.78431374, a: 0.5019608}
    m_ColorMultiplier: 1
    m_FadeDuration: 0.1
  m_SpriteState:
    m_HighlightedSprite: {fileID: 0}
    m_PressedSprite: {fileID: 0}
    m_DisabledSprite: {fileID: 0}
  m_AnimationTriggers:
    m_NormalTrigger: Normal
    m_HighlightedTrigger: Highlighted
    m_PressedTrigger: Pressed
    m_DisabledTrigger: Disabled
  m_Interactable: 1
  m_TargetGraphic: {fileID: 663590740}
  m_OnClick:
    m_PersistentCalls:
      m_Calls:
      - m_Target: {fileID: 1224437643}
        m_MethodName: spawnGirasol
        m_Mode: 1
        m_Arguments:
          m_ObjectArgument: {fileID: 0}
          m_ObjectArgumentAssemblyTypeName: UnityEngine.Object, UnityEngine
          m_IntArgument: 0
          m_FloatArgument: 0
          m_StringArgument: 
          m_BoolArgument: 0
        m_CallState: 2
    m_TypeName: UnityEngine.UI.Button+ButtonClickedEvent, UnityEngine.UI, Version=1.0.0.0,
      Culture=neutral, PublicKeyToken=null
--- !u!114 &663590740
MonoBehaviour:
  m_ObjectHideFlags: 0
  m_CorrespondingSourceObject: {fileID: 0}
  m_PrefabInstance: {fileID: 0}
  m_PrefabAsset: {fileID: 0}
  m_GameObject: {fileID: 663590737}
  m_Enabled: 1
  m_EditorHideFlags: 0
  m_Script: {fileID: -765806418, guid: f70555f144d8491a825f0804e09c671c, type: 3}
  m_Name: 
  m_EditorClassIdentifier: 
  m_Material: {fileID: 0}
  m_Color: {r: 1, g: 1, b: 1, a: 1}
  m_RaycastTarget: 1
  m_OnCullStateChanged:
    m_PersistentCalls:
      m_Calls: []
    m_TypeName: UnityEngine.UI.MaskableGraphic+CullStateChangedEvent, UnityEngine.UI,
      Version=1.0.0.0, Culture=neutral, PublicKeyToken=null
  m_Sprite: {fileID: 21300000, guid: aa0ae2e379e52374ab4d5457542bcc5f, type: 3}
  m_Type: 0
  m_PreserveAspect: 0
  m_FillCenter: 1
  m_FillMethod: 4
  m_FillAmount: 1
  m_FillClockwise: 1
  m_FillOrigin: 0
  m_UseSpriteMesh: 0
--- !u!222 &663590741
CanvasRenderer:
  m_ObjectHideFlags: 0
  m_CorrespondingSourceObject: {fileID: 0}
  m_PrefabInstance: {fileID: 0}
  m_PrefabAsset: {fileID: 0}
  m_GameObject: {fileID: 663590737}
  m_CullTransparentMesh: 0
--- !u!1001 &1137183754
PrefabInstance:
  m_ObjectHideFlags: 0
  serializedVersion: 2
  m_Modification:
    m_TransformParent: {fileID: 158548242}
    m_Modifications:
    - target: {fileID: 3976588252601286450, guid: 34d851e1824975d48b2e783c83a5c275,
        type: 3}
      propertyPath: m_Name
      value: 6
      objectReference: {fileID: 0}
    - target: {fileID: 714589063359778655, guid: 34d851e1824975d48b2e783c83a5c275,
        type: 3}
      propertyPath: m_LocalPosition.x
      value: -3.099909
      objectReference: {fileID: 0}
    - target: {fileID: 714589063359778655, guid: 34d851e1824975d48b2e783c83a5c275,
        type: 3}
      propertyPath: m_LocalPosition.y
      value: -2.7591715
      objectReference: {fileID: 0}
    - target: {fileID: 714589063359778655, guid: 34d851e1824975d48b2e783c83a5c275,
        type: 3}
      propertyPath: m_LocalPosition.z
      value: -111.294945
      objectReference: {fileID: 0}
    - target: {fileID: 714589063359778655, guid: 34d851e1824975d48b2e783c83a5c275,
        type: 3}
      propertyPath: m_LocalRotation.x
      value: -0
      objectReference: {fileID: 0}
    - target: {fileID: 714589063359778655, guid: 34d851e1824975d48b2e783c83a5c275,
        type: 3}
      propertyPath: m_LocalRotation.y
      value: -0
      objectReference: {fileID: 0}
    - target: {fileID: 714589063359778655, guid: 34d851e1824975d48b2e783c83a5c275,
        type: 3}
      propertyPath: m_LocalRotation.z
      value: 0.04266643
      objectReference: {fileID: 0}
    - target: {fileID: 714589063359778655, guid: 34d851e1824975d48b2e783c83a5c275,
        type: 3}
      propertyPath: m_LocalRotation.w
      value: 0.99908936
      objectReference: {fileID: 0}
    - target: {fileID: 714589063359778655, guid: 34d851e1824975d48b2e783c83a5c275,
        type: 3}
      propertyPath: m_RootOrder
      value: 0
      objectReference: {fileID: 0}
    - target: {fileID: 714589063359778655, guid: 34d851e1824975d48b2e783c83a5c275,
        type: 3}
      propertyPath: m_LocalEulerAnglesHint.x
      value: 0
      objectReference: {fileID: 0}
    - target: {fileID: 714589063359778655, guid: 34d851e1824975d48b2e783c83a5c275,
        type: 3}
      propertyPath: m_LocalEulerAnglesHint.y
      value: 0
      objectReference: {fileID: 0}
    - target: {fileID: 714589063359778655, guid: 34d851e1824975d48b2e783c83a5c275,
        type: 3}
      propertyPath: m_LocalEulerAnglesHint.z
      value: 4.8910003
      objectReference: {fileID: 0}
    m_RemovedComponents: []
  m_SourcePrefab: {fileID: 100100000, guid: 34d851e1824975d48b2e783c83a5c275, type: 3}
--- !u!1 &1194207473
GameObject:
  m_ObjectHideFlags: 0
  m_CorrespondingSourceObject: {fileID: 0}
  m_PrefabInstance: {fileID: 0}
  m_PrefabAsset: {fileID: 0}
  serializedVersion: 6
  m_Component:
  - component: {fileID: 1194207474}
  - component: {fileID: 1194207477}
  - component: {fileID: 1194207476}
  - component: {fileID: 1194207475}
  m_Layer: 5
  m_Name: Carta nuez
  m_TagString: Untagged
  m_Icon: {fileID: 0}
  m_NavMeshLayer: 0
  m_StaticEditorFlags: 0
  m_IsActive: 1
--- !u!224 &1194207474
RectTransform:
  m_ObjectHideFlags: 0
  m_CorrespondingSourceObject: {fileID: 0}
  m_PrefabInstance: {fileID: 0}
  m_PrefabAsset: {fileID: 0}
  m_GameObject: {fileID: 1194207473}
  m_LocalRotation: {x: 0, y: 0, z: 0, w: 1}
  m_LocalPosition: {x: 0, y: 0, z: 0}
  m_LocalScale: {x: 1, y: 1, z: 1}
  m_Children: []
  m_Father: {fileID: 1924178900}
  m_RootOrder: 1
  m_LocalEulerAnglesHint: {x: 0, y: 0, z: 0}
  m_AnchorMin: {x: 0, y: 0}
  m_AnchorMax: {x: 0, y: 0}
  m_AnchoredPosition: {x: 267, y: 32}
  m_SizeDelta: {x: 66.899994, y: 66.899994}
  m_Pivot: {x: 0, y: 0}
--- !u!114 &1194207475
MonoBehaviour:
  m_ObjectHideFlags: 0
  m_CorrespondingSourceObject: {fileID: 0}
  m_PrefabInstance: {fileID: 0}
  m_PrefabAsset: {fileID: 0}
  m_GameObject: {fileID: 1194207473}
  m_Enabled: 1
  m_EditorHideFlags: 0
  m_Script: {fileID: 1392445389, guid: f70555f144d8491a825f0804e09c671c, type: 3}
  m_Name: 
  m_EditorClassIdentifier: 
  m_Navigation:
    m_Mode: 3
    m_SelectOnUp: {fileID: 0}
    m_SelectOnDown: {fileID: 0}
    m_SelectOnLeft: {fileID: 0}
    m_SelectOnRight: {fileID: 0}
  m_Transition: 1
  m_Colors:
    m_NormalColor: {r: 1, g: 1, b: 1, a: 1}
    m_HighlightedColor: {r: 0.9607843, g: 0.9607843, b: 0.9607843, a: 1}
    m_PressedColor: {r: 0.78431374, g: 0.78431374, b: 0.78431374, a: 1}
    m_DisabledColor: {r: 0.78431374, g: 0.78431374, b: 0.78431374, a: 0.5019608}
    m_ColorMultiplier: 1
    m_FadeDuration: 0.1
  m_SpriteState:
    m_HighlightedSprite: {fileID: 0}
    m_PressedSprite: {fileID: 0}
    m_DisabledSprite: {fileID: 0}
  m_AnimationTriggers:
    m_NormalTrigger: Normal
    m_HighlightedTrigger: Highlighted
    m_PressedTrigger: Pressed
    m_DisabledTrigger: Disabled
  m_Interactable: 1
  m_TargetGraphic: {fileID: 1194207476}
  m_OnClick:
    m_PersistentCalls:
      m_Calls:
      - m_Target: {fileID: 1224437643}
        m_MethodName: spwanNuez
        m_Mode: 1
        m_Arguments:
          m_ObjectArgument: {fileID: 0}
          m_ObjectArgumentAssemblyTypeName: UnityEngine.Object, UnityEngine
          m_IntArgument: 0
          m_FloatArgument: 0
          m_StringArgument: 
          m_BoolArgument: 0
        m_CallState: 2
    m_TypeName: UnityEngine.UI.Button+ButtonClickedEvent, UnityEngine.UI, Version=1.0.0.0,
      Culture=neutral, PublicKeyToken=null
--- !u!114 &1194207476
MonoBehaviour:
  m_ObjectHideFlags: 0
  m_CorrespondingSourceObject: {fileID: 0}
  m_PrefabInstance: {fileID: 0}
  m_PrefabAsset: {fileID: 0}
  m_GameObject: {fileID: 1194207473}
  m_Enabled: 1
  m_EditorHideFlags: 0
  m_Script: {fileID: -765806418, guid: f70555f144d8491a825f0804e09c671c, type: 3}
  m_Name: 
  m_EditorClassIdentifier: 
  m_Material: {fileID: 0}
  m_Color: {r: 1, g: 1, b: 1, a: 1}
  m_RaycastTarget: 1
  m_OnCullStateChanged:
    m_PersistentCalls:
      m_Calls: []
    m_TypeName: UnityEngine.UI.MaskableGraphic+CullStateChangedEvent, UnityEngine.UI,
      Version=1.0.0.0, Culture=neutral, PublicKeyToken=null
  m_Sprite: {fileID: 21300000, guid: 8e272ce2058f9e24395744d6cafe8c4a, type: 3}
  m_Type: 0
  m_PreserveAspect: 0
  m_FillCenter: 1
  m_FillMethod: 4
  m_FillAmount: 1
  m_FillClockwise: 1
  m_FillOrigin: 0
  m_UseSpriteMesh: 0
--- !u!222 &1194207477
CanvasRenderer:
  m_ObjectHideFlags: 0
  m_CorrespondingSourceObject: {fileID: 0}
  m_PrefabInstance: {fileID: 0}
  m_PrefabAsset: {fileID: 0}
  m_GameObject: {fileID: 1194207473}
  m_CullTransparentMesh: 0
--- !u!1 &1224437642
GameObject:
  m_ObjectHideFlags: 0
  m_CorrespondingSourceObject: {fileID: 0}
  m_PrefabInstance: {fileID: 0}
  m_PrefabAsset: {fileID: 0}
  serializedVersion: 6
  m_Component:
  - component: {fileID: 1224437644}
  - component: {fileID: 1224437643}
  m_Layer: 0
  m_Name: GameController
  m_TagString: Untagged
  m_Icon: {fileID: 0}
  m_NavMeshLayer: 0
  m_StaticEditorFlags: 0
  m_IsActive: 1
--- !u!114 &1224437643
MonoBehaviour:
  m_ObjectHideFlags: 0
  m_CorrespondingSourceObject: {fileID: 0}
  m_PrefabInstance: {fileID: 0}
  m_PrefabAsset: {fileID: 0}
  m_GameObject: {fileID: 1224437642}
  m_Enabled: 1
  m_EditorHideFlags: 0
  m_Script: {fileID: 11500000, guid: ff58aa00e508f1743af3cfad36127a88, type: 3}
  m_Name: 
  m_EditorClassIdentifier: 
  girasol: {fileID: 7626157278696633249, guid: 9584865b66ac0ce4db690aef2566d4b5, type: 3}
  nuez: {fileID: 3505629980446817350, guid: f1aa0252f4f64c64fb05733e540808bc, type: 3}
  lanzaGisantes: {fileID: 5379844609032164807, guid: 83fff62aac803ec46a3aa017a7f4e229,
    type: 3}
  lanzaGisantesDoble: {fileID: 1785562244818457852, guid: 7029c51c8afbf4546bde9213f5bb00f1,
    type: 3}
  lanzaGisantesHielo: {fileID: 4837433030584278385, guid: 6ff578a9406fdf940b79f71a49683535,
    type: 3}
  mina: {fileID: 240821881632671132, guid: 0cbabcd42f011744ab85e7eff865becf, type: 3}
  sol: {fileID: 3243594335464800594, guid: d338451f7b5842440a785e3807930166, type: 3}
  Soles: 100
--- !u!4 &1224437644
Transform:
  m_ObjectHideFlags: 0
  m_CorrespondingSourceObject: {fileID: 0}
  m_PrefabInstance: {fileID: 0}
  m_PrefabAsset: {fileID: 0}
  m_GameObject: {fileID: 1224437642}
  m_LocalRotation: {x: 0, y: 0, z: 0, w: 1}
  m_LocalPosition: {x: 1.2474586, y: 0.046039484, z: 0.036132812}
  m_LocalScale: {x: 1, y: 1, z: 1}
  m_Children: []
  m_Father: {fileID: 0}
  m_RootOrder: 1
  m_LocalEulerAnglesHint: {x: 0, y: 0, z: 0}
--- !u!1 &1226493050
GameObject:
  m_ObjectHideFlags: 0
  m_CorrespondingSourceObject: {fileID: 0}
  m_PrefabInstance: {fileID: 0}
  m_PrefabAsset: {fileID: 0}
  serializedVersion: 6
  m_Component:
  - component: {fileID: 1226493051}
  - component: {fileID: 1226493054}
  - component: {fileID: 1226493053}
  - component: {fileID: 1226493052}
  m_Layer: 5
  m_Name: Carta lanzaGisantes1
  m_TagString: Untagged
  m_Icon: {fileID: 0}
  m_NavMeshLayer: 0
  m_StaticEditorFlags: 0
  m_IsActive: 1
--- !u!224 &1226493051
RectTransform:
  m_ObjectHideFlags: 0
  m_CorrespondingSourceObject: {fileID: 0}
  m_PrefabInstance: {fileID: 0}
  m_PrefabAsset: {fileID: 0}
  m_GameObject: {fileID: 1226493050}
  m_LocalRotation: {x: 0, y: 0, z: 0, w: 1}
  m_LocalPosition: {x: 0, y: 0, z: 0}
  m_LocalScale: {x: 1, y: 1, z: 1}
  m_Children: []
  m_Father: {fileID: 1924178900}
  m_RootOrder: 2
  m_LocalEulerAnglesHint: {x: 0, y: 0, z: 0}
  m_AnchorMin: {x: 0, y: 0}
  m_AnchorMax: {x: 0, y: 0}
  m_AnchoredPosition: {x: 338.1499, y: 31.850098}
  m_SizeDelta: {x: 66.899994, y: 66.899994}
  m_Pivot: {x: 0, y: 0}
--- !u!114 &1226493052
MonoBehaviour:
  m_ObjectHideFlags: 0
  m_CorrespondingSourceObject: {fileID: 0}
  m_PrefabInstance: {fileID: 0}
  m_PrefabAsset: {fileID: 0}
  m_GameObject: {fileID: 1226493050}
  m_Enabled: 1
  m_EditorHideFlags: 0
  m_Script: {fileID: 1392445389, guid: f70555f144d8491a825f0804e09c671c, type: 3}
  m_Name: 
  m_EditorClassIdentifier: 
  m_Navigation:
    m_Mode: 3
    m_SelectOnUp: {fileID: 0}
    m_SelectOnDown: {fileID: 0}
    m_SelectOnLeft: {fileID: 0}
    m_SelectOnRight: {fileID: 0}
  m_Transition: 1
  m_Colors:
    m_NormalColor: {r: 1, g: 1, b: 1, a: 1}
    m_HighlightedColor: {r: 0.9607843, g: 0.9607843, b: 0.9607843, a: 1}
    m_PressedColor: {r: 0.78431374, g: 0.78431374, b: 0.78431374, a: 1}
    m_DisabledColor: {r: 0.78431374, g: 0.78431374, b: 0.78431374, a: 0.5019608}
    m_ColorMultiplier: 1
    m_FadeDuration: 0.1
  m_SpriteState:
    m_HighlightedSprite: {fileID: 0}
    m_PressedSprite: {fileID: 0}
    m_DisabledSprite: {fileID: 0}
  m_AnimationTriggers:
    m_NormalTrigger: Normal
    m_HighlightedTrigger: Highlighted
    m_PressedTrigger: Pressed
    m_DisabledTrigger: Disabled
  m_Interactable: 1
  m_TargetGraphic: {fileID: 1226493053}
  m_OnClick:
    m_PersistentCalls:
      m_Calls:
      - m_Target: {fileID: 1224437643}
        m_MethodName: spawnLanzaGisantes
        m_Mode: 1
        m_Arguments:
          m_ObjectArgument: {fileID: 0}
          m_ObjectArgumentAssemblyTypeName: UnityEngine.Object, UnityEngine
          m_IntArgument: 0
          m_FloatArgument: 0
          m_StringArgument: 
          m_BoolArgument: 0
        m_CallState: 2
    m_TypeName: UnityEngine.UI.Button+ButtonClickedEvent, UnityEngine.UI, Version=1.0.0.0,
      Culture=neutral, PublicKeyToken=null
--- !u!114 &1226493053
MonoBehaviour:
  m_ObjectHideFlags: 0
  m_CorrespondingSourceObject: {fileID: 0}
  m_PrefabInstance: {fileID: 0}
  m_PrefabAsset: {fileID: 0}
  m_GameObject: {fileID: 1226493050}
  m_Enabled: 1
  m_EditorHideFlags: 0
  m_Script: {fileID: -765806418, guid: f70555f144d8491a825f0804e09c671c, type: 3}
  m_Name: 
  m_EditorClassIdentifier: 
  m_Material: {fileID: 0}
  m_Color: {r: 1, g: 1, b: 1, a: 1}
  m_RaycastTarget: 1
  m_OnCullStateChanged:
    m_PersistentCalls:
      m_Calls: []
    m_TypeName: UnityEngine.UI.MaskableGraphic+CullStateChangedEvent, UnityEngine.UI,
      Version=1.0.0.0, Culture=neutral, PublicKeyToken=null
  m_Sprite: {fileID: 21300000, guid: f398baa97297112419c52d38f2d8d03c, type: 3}
  m_Type: 0
  m_PreserveAspect: 0
  m_FillCenter: 1
  m_FillMethod: 4
  m_FillAmount: 1
  m_FillClockwise: 1
  m_FillOrigin: 0
  m_UseSpriteMesh: 0
--- !u!222 &1226493054
CanvasRenderer:
  m_ObjectHideFlags: 0
  m_CorrespondingSourceObject: {fileID: 0}
  m_PrefabInstance: {fileID: 0}
  m_PrefabAsset: {fileID: 0}
  m_GameObject: {fileID: 1226493050}
  m_CullTransparentMesh: 0
--- !u!4 &1311820662 stripped
Transform:
  m_CorrespondingSourceObject: {fileID: 714589063359778655, guid: 34d851e1824975d48b2e783c83a5c275,
    type: 3}
  m_PrefabInstance: {fileID: 1137183754}
  m_PrefabAsset: {fileID: 0}
--- !u!1001 &1320661017
PrefabInstance:
  m_ObjectHideFlags: 0
  serializedVersion: 2
  m_Modification:
    m_TransformParent: {fileID: 158548242}
    m_Modifications:
    - target: {fileID: 5031331140004675135, guid: ff6ca9c16dfd8c3458267b0592908e4b,
        type: 3}
      propertyPath: m_Name
      value: 1
      objectReference: {fileID: 0}
    - target: {fileID: 4497311968466651071, guid: ff6ca9c16dfd8c3458267b0592908e4b,
        type: 3}
      propertyPath: m_LocalPosition.x
      value: -5.802742
      objectReference: {fileID: 0}
    - target: {fileID: 4497311968466651071, guid: ff6ca9c16dfd8c3458267b0592908e4b,
        type: 3}
      propertyPath: m_LocalPosition.y
      value: 0.8689568
      objectReference: {fileID: 0}
    - target: {fileID: 4497311968466651071, guid: ff6ca9c16dfd8c3458267b0592908e4b,
        type: 3}
      propertyPath: m_LocalPosition.z
      value: -111.294945
      objectReference: {fileID: 0}
    - target: {fileID: 4497311968466651071, guid: ff6ca9c16dfd8c3458267b0592908e4b,
        type: 3}
      propertyPath: m_LocalRotation.x
      value: -0
      objectReference: {fileID: 0}
    - target: {fileID: 4497311968466651071, guid: ff6ca9c16dfd8c3458267b0592908e4b,
        type: 3}
      propertyPath: m_LocalRotation.y
      value: -0
      objectReference: {fileID: 0}
    - target: {fileID: 4497311968466651071, guid: ff6ca9c16dfd8c3458267b0592908e4b,
        type: 3}
      propertyPath: m_LocalRotation.z
      value: 0.04266643
      objectReference: {fileID: 0}
    - target: {fileID: 4497311968466651071, guid: ff6ca9c16dfd8c3458267b0592908e4b,
        type: 3}
      propertyPath: m_LocalRotation.w
      value: 0.99908936
      objectReference: {fileID: 0}
    - target: {fileID: 4497311968466651071, guid: ff6ca9c16dfd8c3458267b0592908e4b,
        type: 3}
      propertyPath: m_RootOrder
      value: 5
      objectReference: {fileID: 0}
    - target: {fileID: 4497311968466651071, guid: ff6ca9c16dfd8c3458267b0592908e4b,
        type: 3}
      propertyPath: m_LocalEulerAnglesHint.x
      value: 0
      objectReference: {fileID: 0}
    - target: {fileID: 4497311968466651071, guid: ff6ca9c16dfd8c3458267b0592908e4b,
        type: 3}
      propertyPath: m_LocalEulerAnglesHint.y
      value: 0
      objectReference: {fileID: 0}
    - target: {fileID: 4497311968466651071, guid: ff6ca9c16dfd8c3458267b0592908e4b,
        type: 3}
      propertyPath: m_LocalEulerAnglesHint.z
      value: 4.8910003
      objectReference: {fileID: 0}
    m_RemovedComponents: []
  m_SourcePrefab: {fileID: 100100000, guid: ff6ca9c16dfd8c3458267b0592908e4b, type: 3}
--- !u!4 &1353457719 stripped
Transform:
  m_CorrespondingSourceObject: {fileID: 4497311968466651071, guid: ff6ca9c16dfd8c3458267b0592908e4b,
    type: 3}
  m_PrefabInstance: {fileID: 1320661017}
  m_PrefabAsset: {fileID: 0}
--- !u!1001 &1373053017
PrefabInstance:
  m_ObjectHideFlags: 0
  serializedVersion: 2
  m_Modification:
    m_TransformParent: {fileID: 158548242}
    m_Modifications:
    - target: {fileID: 5895687868968346665, guid: 9468bd12f0f56f94f8b467013663a34d,
        type: 3}
      propertyPath: m_Name
      value: 4
      objectReference: {fileID: 0}
    - target: {fileID: 3337376387927680205, guid: 9468bd12f0f56f94f8b467013663a34d,
        type: 3}
      propertyPath: m_LocalPosition.x
      value: -4.1631856
      objectReference: {fileID: 0}
    - target: {fileID: 3337376387927680205, guid: 9468bd12f0f56f94f8b467013663a34d,
        type: 3}
      propertyPath: m_LocalPosition.y
      value: -1.3631132
      objectReference: {fileID: 0}
    - target: {fileID: 3337376387927680205, guid: 9468bd12f0f56f94f8b467013663a34d,
        type: 3}
      propertyPath: m_LocalPosition.z
      value: -111.294945
      objectReference: {fileID: 0}
    - target: {fileID: 3337376387927680205, guid: 9468bd12f0f56f94f8b467013663a34d,
        type: 3}
      propertyPath: m_LocalRotation.x
      value: -0
      objectReference: {fileID: 0}
    - target: {fileID: 3337376387927680205, guid: 9468bd12f0f56f94f8b467013663a34d,
        type: 3}
      propertyPath: m_LocalRotation.y
      value: -0
      objectReference: {fileID: 0}
    - target: {fileID: 3337376387927680205, guid: 9468bd12f0f56f94f8b467013663a34d,
        type: 3}
      propertyPath: m_LocalRotation.z
      value: 0.04266643
      objectReference: {fileID: 0}
    - target: {fileID: 3337376387927680205, guid: 9468bd12f0f56f94f8b467013663a34d,
        type: 3}
      propertyPath: m_LocalRotation.w
      value: 0.99908936
      objectReference: {fileID: 0}
    - target: {fileID: 3337376387927680205, guid: 9468bd12f0f56f94f8b467013663a34d,
        type: 3}
      propertyPath: m_RootOrder
      value: 2
      objectReference: {fileID: 0}
    - target: {fileID: 3337376387927680205, guid: 9468bd12f0f56f94f8b467013663a34d,
        type: 3}
      propertyPath: m_LocalEulerAnglesHint.x
      value: 0
      objectReference: {fileID: 0}
    - target: {fileID: 3337376387927680205, guid: 9468bd12f0f56f94f8b467013663a34d,
        type: 3}
      propertyPath: m_LocalEulerAnglesHint.y
      value: 0
      objectReference: {fileID: 0}
    - target: {fileID: 3337376387927680205, guid: 9468bd12f0f56f94f8b467013663a34d,
        type: 3}
      propertyPath: m_LocalEulerAnglesHint.z
      value: 4.8910003
      objectReference: {fileID: 0}
    m_RemovedComponents: []
  m_SourcePrefab: {fileID: 100100000, guid: 9468bd12f0f56f94f8b467013663a34d, type: 3}
--- !u!4 &1529868485 stripped
Transform:
  m_CorrespondingSourceObject: {fileID: 3337376387927680205, guid: 9468bd12f0f56f94f8b467013663a34d,
    type: 3}
  m_PrefabInstance: {fileID: 1373053017}
  m_PrefabAsset: {fileID: 0}
--- !u!4 &1542666012 stripped
Transform:
  m_CorrespondingSourceObject: {fileID: 2596061808121589533, guid: f6e89ef4ae3a16a4fb6ff71d9f32dbb8,
    type: 3}
  m_PrefabInstance: {fileID: 1805007020}
  m_PrefabAsset: {fileID: 0}
--- !u!1 &1762387624
GameObject:
  m_ObjectHideFlags: 0
  m_CorrespondingSourceObject: {fileID: 0}
  m_PrefabInstance: {fileID: 0}
  m_PrefabAsset: {fileID: 0}
  serializedVersion: 6
  m_Component:
  - component: {fileID: 1762387625}
  - component: {fileID: 1762387627}
  - component: {fileID: 1762387626}
  - component: {fileID: 1762387628}
  m_Layer: 5
  m_Name: Text (TMP)
  m_TagString: Untagged
  m_Icon: {fileID: 0}
  m_NavMeshLayer: 0
  m_StaticEditorFlags: 0
  m_IsActive: 1
--- !u!224 &1762387625
RectTransform:
  m_ObjectHideFlags: 0
  m_CorrespondingSourceObject: {fileID: 0}
  m_PrefabInstance: {fileID: 0}
  m_PrefabAsset: {fileID: 0}
  m_GameObject: {fileID: 1762387624}
  m_LocalRotation: {x: 0, y: 0, z: 0, w: 1}
  m_LocalPosition: {x: 0, y: 0, z: -24.00009}
  m_LocalScale: {x: 1, y: 1, z: 1}
  m_Children: []
  m_Father: {fileID: 1924178900}
  m_RootOrder: 6
  m_LocalEulerAnglesHint: {x: 0, y: 0, z: 0}
  m_AnchorMin: {x: 1, y: 1}
  m_AnchorMax: {x: 1, y: 1}
  m_AnchoredPosition: {x: 11.000244, y: -8}
  m_SizeDelta: {x: 200, y: 50}
  m_Pivot: {x: 1, y: 1}
--- !u!114 &1762387626
MonoBehaviour:
  m_ObjectHideFlags: 0
  m_CorrespondingSourceObject: {fileID: 0}
  m_PrefabInstance: {fileID: 0}
  m_PrefabAsset: {fileID: 0}
  m_GameObject: {fileID: 1762387624}
  m_Enabled: 1
  m_EditorHideFlags: 0
  m_Script: {fileID: 11500000, guid: f4688fdb7df04437aeb418b961361dc5, type: 3}
  m_Name: 
  m_EditorClassIdentifier: 
  m_Material: {fileID: 0}
  m_Color: {r: 1, g: 1, b: 1, a: 1}
  m_RaycastTarget: 1
  m_OnCullStateChanged:
    m_PersistentCalls:
      m_Calls: []
    m_TypeName: UnityEngine.UI.MaskableGraphic+CullStateChangedEvent, UnityEngine.UI,
      Version=1.0.0.0, Culture=neutral, PublicKeyToken=null
  m_text: 
  m_isRightToLeft: 0
  m_fontAsset: {fileID: 11400000, guid: 8f586378b4e144a9851e7b34d9b748ee, type: 2}
  m_sharedMaterial: {fileID: 2180264, guid: 8f586378b4e144a9851e7b34d9b748ee, type: 2}
  m_fontSharedMaterials: []
  m_fontMaterial: {fileID: 0}
  m_fontMaterials: []
  m_fontColor32:
    serializedVersion: 2
    rgba: 4294967295
  m_fontColor: {r: 1, g: 1, b: 1, a: 1}
  m_enableVertexGradient: 0
  m_colorMode: 3
  m_fontColorGradient:
    topLeft: {r: 1, g: 1, b: 1, a: 1}
    topRight: {r: 1, g: 1, b: 1, a: 1}
    bottomLeft: {r: 1, g: 1, b: 1, a: 1}
    bottomRight: {r: 1, g: 1, b: 1, a: 1}
  m_fontColorGradientPreset: {fileID: 0}
  m_spriteAsset: {fileID: 0}
  m_tintAllSprites: 0
  m_overrideHtmlColors: 0
  m_faceColor:
    serializedVersion: 2
    rgba: 4294967295
  m_outlineColor:
    serializedVersion: 2
    rgba: 4278190080
  m_fontSize: 36
  m_fontSizeBase: 36
  m_fontWeight: 400
  m_enableAutoSizing: 0
  m_fontSizeMin: 18
  m_fontSizeMax: 72
  m_fontStyle: 0
  m_textAlignment: 257
  m_characterSpacing: 0
  m_wordSpacing: 0
  m_lineSpacing: 0
  m_lineSpacingMax: 0
  m_paragraphSpacing: 0
  m_charWidthMaxAdj: 0
  m_enableWordWrapping: 1
  m_wordWrappingRatios: 0.4
  m_overflowMode: 0
  m_firstOverflowCharacterIndex: -1
  m_linkedTextComponent: {fileID: 0}
  m_isLinkedTextComponent: 0
  m_isTextTruncated: 0
  m_enableKerning: 1
  m_enableExtraPadding: 0
  checkPaddingRequired: 0
  m_isRichText: 1
  m_parseCtrlCharacters: 1
  m_isOrthographic: 1
  m_isCullingEnabled: 0
  m_ignoreRectMaskCulling: 0
  m_ignoreCulling: 1
  m_horizontalMapping: 0
  m_verticalMapping: 0
  m_uvLineOffset: 0
  m_geometrySortingOrder: 0
  m_VertexBufferAutoSizeReduction: 1
  m_firstVisibleCharacter: 0
  m_useMaxVisibleDescender: 1
  m_pageToDisplay: 1
  m_margin: {x: 0, y: 0, z: 0, w: 0}
  m_textInfo:
    textComponent: {fileID: 1762387626}
    characterCount: 0
    spriteCount: 0
    spaceCount: 0
    wordCount: 0
    linkCount: 0
    lineCount: 0
    pageCount: 0
    materialCount: 1
  m_isUsingLegacyAnimationComponent: 0
  m_isVolumetricText: 0
  m_spriteAnimator: {fileID: 0}
  m_hasFontAssetChanged: 0
  m_subTextObjects:
  - {fileID: 0}
  - {fileID: 0}
  - {fileID: 0}
  - {fileID: 0}
  - {fileID: 0}
  - {fileID: 0}
  - {fileID: 0}
  - {fileID: 0}
  m_baseMaterial: {fileID: 0}
  m_maskOffset: {x: 0, y: 0, z: 0, w: 0}
--- !u!222 &1762387627
CanvasRenderer:
  m_ObjectHideFlags: 0
  m_CorrespondingSourceObject: {fileID: 0}
  m_PrefabInstance: {fileID: 0}
  m_PrefabAsset: {fileID: 0}
  m_GameObject: {fileID: 1762387624}
  m_CullTransparentMesh: 0
--- !u!114 &1762387628
MonoBehaviour:
  m_ObjectHideFlags: 0
  m_CorrespondingSourceObject: {fileID: 0}
  m_PrefabInstance: {fileID: 0}
  m_PrefabAsset: {fileID: 0}
  m_GameObject: {fileID: 1762387624}
  m_Enabled: 1
  m_EditorHideFlags: 0
  m_Script: {fileID: 11500000, guid: 17a5493ed4ad6724da212d6f9f400624, type: 3}
  m_Name: 
  m_EditorClassIdentifier: 
--- !u!1001 &1805007020
PrefabInstance:
  m_ObjectHideFlags: 0
  serializedVersion: 2
  m_Modification:
    m_TransformParent: {fileID: 158548242}
    m_Modifications:
    - target: {fileID: 6260186476250907581, guid: f6e89ef4ae3a16a4fb6ff71d9f32dbb8,
        type: 3}
      propertyPath: m_Name
      value: 3
      objectReference: {fileID: 0}
    - target: {fileID: 2596061808121589533, guid: f6e89ef4ae3a16a4fb6ff71d9f32dbb8,
        type: 3}
      propertyPath: m_LocalPosition.x
      value: -4.706999
      objectReference: {fileID: 0}
    - target: {fileID: 2596061808121589533, guid: f6e89ef4ae3a16a4fb6ff71d9f32dbb8,
        type: 3}
      propertyPath: m_LocalPosition.y
      value: -0.624501
      objectReference: {fileID: 0}
    - target: {fileID: 2596061808121589533, guid: f6e89ef4ae3a16a4fb6ff71d9f32dbb8,
        type: 3}
      propertyPath: m_LocalPosition.z
      value: -111.294945
      objectReference: {fileID: 0}
    - target: {fileID: 2596061808121589533, guid: f6e89ef4ae3a16a4fb6ff71d9f32dbb8,
        type: 3}
      propertyPath: m_LocalRotation.x
      value: -0
      objectReference: {fileID: 0}
    - target: {fileID: 2596061808121589533, guid: f6e89ef4ae3a16a4fb6ff71d9f32dbb8,
        type: 3}
      propertyPath: m_LocalRotation.y
      value: -0
      objectReference: {fileID: 0}
    - target: {fileID: 2596061808121589533, guid: f6e89ef4ae3a16a4fb6ff71d9f32dbb8,
        type: 3}
      propertyPath: m_LocalRotation.z
      value: 0.04266643
      objectReference: {fileID: 0}
    - target: {fileID: 2596061808121589533, guid: f6e89ef4ae3a16a4fb6ff71d9f32dbb8,
        type: 3}
      propertyPath: m_LocalRotation.w
      value: 0.99908936
      objectReference: {fileID: 0}
    - target: {fileID: 2596061808121589533, guid: f6e89ef4ae3a16a4fb6ff71d9f32dbb8,
        type: 3}
      propertyPath: m_RootOrder
      value: 3
      objectReference: {fileID: 0}
    - target: {fileID: 2596061808121589533, guid: f6e89ef4ae3a16a4fb6ff71d9f32dbb8,
        type: 3}
      propertyPath: m_LocalEulerAnglesHint.x
      value: 0
      objectReference: {fileID: 0}
    - target: {fileID: 2596061808121589533, guid: f6e89ef4ae3a16a4fb6ff71d9f32dbb8,
        type: 3}
      propertyPath: m_LocalEulerAnglesHint.y
      value: 0
      objectReference: {fileID: 0}
    - target: {fileID: 2596061808121589533, guid: f6e89ef4ae3a16a4fb6ff71d9f32dbb8,
        type: 3}
      propertyPath: m_LocalEulerAnglesHint.z
      value: 4.8910003
      objectReference: {fileID: 0}
    m_RemovedComponents: []
  m_SourcePrefab: {fileID: 100100000, guid: f6e89ef4ae3a16a4fb6ff71d9f32dbb8, type: 3}
--- !u!1 &1880049546
GameObject:
  m_ObjectHideFlags: 0
  m_CorrespondingSourceObject: {fileID: 0}
  m_PrefabInstance: {fileID: 0}
  m_PrefabAsset: {fileID: 0}
  serializedVersion: 6
  m_Component:
  - component: {fileID: 1880049547}
  - component: {fileID: 1880049550}
  - component: {fileID: 1880049549}
  - component: {fileID: 1880049548}
  m_Layer: 5
  m_Name: Carta lanzaGisantes2
  m_TagString: Untagged
  m_Icon: {fileID: 0}
  m_NavMeshLayer: 0
  m_StaticEditorFlags: 0
  m_IsActive: 1
--- !u!224 &1880049547
RectTransform:
  m_ObjectHideFlags: 0
  m_CorrespondingSourceObject: {fileID: 0}
  m_PrefabInstance: {fileID: 0}
  m_PrefabAsset: {fileID: 0}
  m_GameObject: {fileID: 1880049546}
  m_LocalRotation: {x: 0, y: 0, z: 0, w: 1}
  m_LocalPosition: {x: 0, y: 0, z: 0}
  m_LocalScale: {x: 1, y: 1, z: 1}
  m_Children: []
  m_Father: {fileID: 1924178900}
  m_RootOrder: 3
  m_LocalEulerAnglesHint: {x: 0, y: 0, z: 0}
  m_AnchorMin: {x: 0, y: 0}
  m_AnchorMax: {x: 0, y: 0}
  m_AnchoredPosition: {x: 409.3501, y: 31.850098}
  m_SizeDelta: {x: 66.899994, y: 66.899994}
  m_Pivot: {x: 0, y: 0}
--- !u!114 &1880049548
MonoBehaviour:
  m_ObjectHideFlags: 0
  m_CorrespondingSourceObject: {fileID: 0}
  m_PrefabInstance: {fileID: 0}
  m_PrefabAsset: {fileID: 0}
  m_GameObject: {fileID: 1880049546}
  m_Enabled: 1
  m_EditorHideFlags: 0
  m_Script: {fileID: 1392445389, guid: f70555f144d8491a825f0804e09c671c, type: 3}
  m_Name: 
  m_EditorClassIdentifier: 
  m_Navigation:
    m_Mode: 3
    m_SelectOnUp: {fileID: 0}
    m_SelectOnDown: {fileID: 0}
    m_SelectOnLeft: {fileID: 0}
    m_SelectOnRight: {fileID: 0}
  m_Transition: 1
  m_Colors:
    m_NormalColor: {r: 1, g: 1, b: 1, a: 1}
    m_HighlightedColor: {r: 0.9607843, g: 0.9607843, b: 0.9607843, a: 1}
    m_PressedColor: {r: 0.78431374, g: 0.78431374, b: 0.78431374, a: 1}
    m_DisabledColor: {r: 0.78431374, g: 0.78431374, b: 0.78431374, a: 0.5019608}
    m_ColorMultiplier: 1
    m_FadeDuration: 0.1
  m_SpriteState:
    m_HighlightedSprite: {fileID: 0}
    m_PressedSprite: {fileID: 0}
    m_DisabledSprite: {fileID: 0}
  m_AnimationTriggers:
    m_NormalTrigger: Normal
    m_HighlightedTrigger: Highlighted
    m_PressedTrigger: Pressed
    m_DisabledTrigger: Disabled
  m_Interactable: 1
  m_TargetGraphic: {fileID: 1880049549}
  m_OnClick:
    m_PersistentCalls:
      m_Calls:
      - m_Target: {fileID: 1224437643}
        m_MethodName: spawnLanzaGisantesDoble
        m_Mode: 1
        m_Arguments:
          m_ObjectArgument: {fileID: 0}
          m_ObjectArgumentAssemblyTypeName: UnityEngine.Object, UnityEngine
          m_IntArgument: 0
          m_FloatArgument: 0
          m_StringArgument: 
          m_BoolArgument: 0
        m_CallState: 2
    m_TypeName: UnityEngine.UI.Button+ButtonClickedEvent, UnityEngine.UI, Version=1.0.0.0,
      Culture=neutral, PublicKeyToken=null
--- !u!114 &1880049549
MonoBehaviour:
  m_ObjectHideFlags: 0
  m_CorrespondingSourceObject: {fileID: 0}
  m_PrefabInstance: {fileID: 0}
  m_PrefabAsset: {fileID: 0}
  m_GameObject: {fileID: 1880049546}
  m_Enabled: 1
  m_EditorHideFlags: 0
  m_Script: {fileID: -765806418, guid: f70555f144d8491a825f0804e09c671c, type: 3}
  m_Name: 
  m_EditorClassIdentifier: 
  m_Material: {fileID: 0}
  m_Color: {r: 1, g: 1, b: 1, a: 1}
  m_RaycastTarget: 1
  m_OnCullStateChanged:
    m_PersistentCalls:
      m_Calls: []
    m_TypeName: UnityEngine.UI.MaskableGraphic+CullStateChangedEvent, UnityEngine.UI,
      Version=1.0.0.0, Culture=neutral, PublicKeyToken=null
  m_Sprite: {fileID: 21300000, guid: 513cabce227bbf343bb51c711a9d457d, type: 3}
  m_Type: 0
  m_PreserveAspect: 0
  m_FillCenter: 1
  m_FillMethod: 4
  m_FillAmount: 1
  m_FillClockwise: 1
  m_FillOrigin: 0
  m_UseSpriteMesh: 0
--- !u!222 &1880049550
CanvasRenderer:
  m_ObjectHideFlags: 0
  m_CorrespondingSourceObject: {fileID: 0}
  m_PrefabInstance: {fileID: 0}
  m_PrefabAsset: {fileID: 0}
  m_GameObject: {fileID: 1880049546}
  m_CullTransparentMesh: 0
--- !u!1 &1924178899
GameObject:
  m_ObjectHideFlags: 0
  m_CorrespondingSourceObject: {fileID: 0}
  m_PrefabInstance: {fileID: 0}
  m_PrefabAsset: {fileID: 0}
  serializedVersion: 6
  m_Component:
  - component: {fileID: 1924178900}
  - component: {fileID: 1924178903}
  - component: {fileID: 1924178902}
  - component: {fileID: 1924178901}
  m_Layer: 5
  m_Name: Canvas
  m_TagString: Untagged
  m_Icon: {fileID: 0}
  m_NavMeshLayer: 0
  m_StaticEditorFlags: 0
  m_IsActive: 1
--- !u!224 &1924178900
RectTransform:
  m_ObjectHideFlags: 0
  m_CorrespondingSourceObject: {fileID: 0}
  m_PrefabInstance: {fileID: 0}
  m_PrefabAsset: {fileID: 0}
  m_GameObject: {fileID: 1924178899}
  m_LocalRotation: {x: 0, y: 0, z: 0, w: 1}
  m_LocalPosition: {x: 0, y: 0, z: 0}
  m_LocalScale: {x: 0, y: 0, z: 0}
  m_Children:
  - {fileID: 663590738}
  - {fileID: 1194207474}
  - {fileID: 1226493051}
  - {fileID: 1880049547}
  - {fileID: 374762058}
  - {fileID: 636565632}
  - {fileID: 1762387625}
  m_Father: {fileID: 9961842}
  m_RootOrder: 0
  m_LocalEulerAnglesHint: {x: 0, y: 0, z: 0}
  m_AnchorMin: {x: 0, y: 0}
  m_AnchorMax: {x: 0, y: 0}
  m_AnchoredPosition: {x: 0, y: 0}
  m_SizeDelta: {x: 0, y: 0}
  m_Pivot: {x: 0, y: 0}
--- !u!114 &1924178901
MonoBehaviour:
  m_ObjectHideFlags: 0
  m_CorrespondingSourceObject: {fileID: 0}
  m_PrefabInstance: {fileID: 0}
  m_PrefabAsset: {fileID: 0}
  m_GameObject: {fileID: 1924178899}
  m_Enabled: 1
  m_EditorHideFlags: 0
  m_Script: {fileID: 1301386320, guid: f70555f144d8491a825f0804e09c671c, type: 3}
  m_Name: 
  m_EditorClassIdentifier: 
  m_IgnoreReversedGraphics: 1
  m_BlockingObjects: 0
  m_BlockingMask:
    serializedVersion: 2
    m_Bits: 4294967295
--- !u!114 &1924178902
MonoBehaviour:
  m_ObjectHideFlags: 0
  m_CorrespondingSourceObject: {fileID: 0}
  m_PrefabInstance: {fileID: 0}
  m_PrefabAsset: {fileID: 0}
  m_GameObject: {fileID: 1924178899}
  m_Enabled: 1
  m_EditorHideFlags: 0
  m_Script: {fileID: 1980459831, guid: f70555f144d8491a825f0804e09c671c, type: 3}
  m_Name: 
  m_EditorClassIdentifier: 
  m_UiScaleMode: 1
  m_ReferencePixelsPerUnit: 100
  m_ScaleFactor: 1
  m_ReferenceResolution: {x: 800, y: 600}
  m_ScreenMatchMode: 0
  m_MatchWidthOrHeight: 1
  m_PhysicalUnit: 3
  m_FallbackScreenDPI: 96
  m_DefaultSpriteDPI: 96
  m_DynamicPixelsPerUnit: 1
--- !u!223 &1924178903
Canvas:
  m_ObjectHideFlags: 0
  m_CorrespondingSourceObject: {fileID: 0}
  m_PrefabInstance: {fileID: 0}
  m_PrefabAsset: {fileID: 0}
  m_GameObject: {fileID: 1924178899}
  m_Enabled: 1
  serializedVersion: 3
  m_RenderMode: 1
  m_Camera: {fileID: 300821331}
  m_PlaneDistance: 100
  m_PixelPerfect: 0
  m_ReceivesEvents: 1
  m_OverrideSorting: 0
  m_OverridePixelPerfect: 0
  m_SortingBucketNormalizedSize: 0
  m_AdditionalShaderChannelsFlag: 25
  m_SortingLayerID: 0
  m_SortingOrder: 0
  m_TargetDisplay: 0
--- !u!1 &2000511407
GameObject:
  m_ObjectHideFlags: 0
  m_CorrespondingSourceObject: {fileID: 0}
  m_PrefabInstance: {fileID: 0}
  m_PrefabAsset: {fileID: 0}
  serializedVersion: 6
  m_Component:
  - component: {fileID: 2000511408}
  - component: {fileID: 2000511410}
  - component: {fileID: 2000511409}
  m_Layer: 0
  m_Name: Tilemap
  m_TagString: Untagged
  m_Icon: {fileID: 0}
  m_NavMeshLayer: 0
  m_StaticEditorFlags: 0
  m_IsActive: 1
--- !u!4 &2000511408
Transform:
  m_ObjectHideFlags: 0
  m_CorrespondingSourceObject: {fileID: 0}
  m_PrefabInstance: {fileID: 0}
  m_PrefabAsset: {fileID: 0}
  m_GameObject: {fileID: 2000511407}
  m_LocalRotation: {x: 0, y: 0, z: 0, w: 1}
  m_LocalPosition: {x: 0, y: 0, z: 0}
  m_LocalScale: {x: 1, y: 1, z: 1}
  m_Children: []
  m_Father: {fileID: 243348771}
  m_RootOrder: 0
  m_LocalEulerAnglesHint: {x: 0, y: 0, z: 0}
--- !u!483693784 &2000511409
TilemapRenderer:
  m_ObjectHideFlags: 0
  m_CorrespondingSourceObject: {fileID: 0}
  m_PrefabInstance: {fileID: 0}
  m_PrefabAsset: {fileID: 0}
  m_GameObject: {fileID: 2000511407}
  m_Enabled: 1
  m_CastShadows: 0
  m_ReceiveShadows: 0
  m_DynamicOccludee: 1
  m_MotionVectors: 1
  m_LightProbeUsage: 0
  m_ReflectionProbeUsage: 0
  m_RenderingLayerMask: 1
  m_RendererPriority: 0
  m_Materials:
  - {fileID: 10754, guid: 0000000000000000f000000000000000, type: 0}
  m_StaticBatchInfo:
    firstSubMesh: 0
    subMeshCount: 0
  m_StaticBatchRoot: {fileID: 0}
  m_ProbeAnchor: {fileID: 0}
  m_LightProbeVolumeOverride: {fileID: 0}
  m_ScaleInLightmap: 1
  m_PreserveUVs: 0
  m_IgnoreNormalsForChartDetection: 0
  m_ImportantGI: 0
  m_StitchLightmapSeams: 0
  m_SelectedEditorRenderState: 0
  m_MinimumChartSize: 4
  m_AutoUVMaxDistance: 0.5
  m_AutoUVMaxAngle: 89
  m_LightmapParameters: {fileID: 0}
  m_SortingLayerID: 0
  m_SortingLayer: 0
  m_SortingOrder: 0
  m_ChunkSize: {x: 32, y: 32, z: 32}
  m_ChunkCullingBounds: {x: 0, y: 0, z: 0}
  m_MaxChunkCount: 16
  m_MaxFrameAge: 16
  m_SortOrder: 3
  m_Mode: 1
  m_DetectChunkCullingBounds: 0
  m_MaskInteraction: 0
--- !u!1839735485 &2000511410
Tilemap:
  m_ObjectHideFlags: 0
  m_CorrespondingSourceObject: {fileID: 0}
  m_PrefabInstance: {fileID: 0}
  m_PrefabAsset: {fileID: 0}
  m_GameObject: {fileID: 2000511407}
  m_Enabled: 1
  m_Tiles:
  - first: {x: -2, y: -3, z: 0}
    second:
      m_TileIndex: 0
      m_TileSpriteIndex: 0
      m_TileMatrixIndex: 0
      m_TileColorIndex: 0
      m_ObjectToInstantiate: {fileID: 0}
      m_TileFlags: 1
      m_ColliderType: 1
  - first: {x: -1, y: -3, z: 0}
    second:
      m_TileIndex: 1
      m_TileSpriteIndex: 1
      m_TileMatrixIndex: 0
      m_TileColorIndex: 0
      m_ObjectToInstantiate: {fileID: 0}
      m_TileFlags: 1
      m_ColliderType: 1
  - first: {x: 0, y: -3, z: 0}
    second:
      m_TileIndex: 3
      m_TileSpriteIndex: 3
      m_TileMatrixIndex: 0
      m_TileColorIndex: 0
      m_ObjectToInstantiate: {fileID: 0}
      m_TileFlags: 1
      m_ColliderType: 1
  - first: {x: 1, y: -3, z: 0}
    second:
      m_TileIndex: 1
      m_TileSpriteIndex: 1
      m_TileMatrixIndex: 0
      m_TileColorIndex: 0
      m_ObjectToInstantiate: {fileID: 0}
      m_TileFlags: 1
      m_ColliderType: 1
  - first: {x: 2, y: -3, z: 0}
    second:
      m_TileIndex: 2
      m_TileSpriteIndex: 2
      m_TileMatrixIndex: 0
      m_TileColorIndex: 0
      m_ObjectToInstantiate: {fileID: 0}
      m_TileFlags: 1
      m_ColliderType: 1
  - first: {x: 3, y: -3, z: 0}
    second:
      m_TileIndex: 1
      m_TileSpriteIndex: 1
      m_TileMatrixIndex: 0
      m_TileColorIndex: 0
      m_ObjectToInstantiate: {fileID: 0}
      m_TileFlags: 1
      m_ColliderType: 1
  - first: {x: 4, y: -3, z: 0}
    second:
      m_TileIndex: 1
      m_TileSpriteIndex: 1
      m_TileMatrixIndex: 0
      m_TileColorIndex: 0
      m_ObjectToInstantiate: {fileID: 0}
      m_TileFlags: 1
      m_ColliderType: 1
  - first: {x: 5, y: -3, z: 0}
    second:
      m_TileIndex: 1
      m_TileSpriteIndex: 1
      m_TileMatrixIndex: 0
      m_TileColorIndex: 0
      m_ObjectToInstantiate: {fileID: 0}
      m_TileFlags: 1
      m_ColliderType: 1
  - first: {x: 6, y: -3, z: 0}
    second:
      m_TileIndex: 3
      m_TileSpriteIndex: 3
      m_TileMatrixIndex: 0
      m_TileColorIndex: 0
      m_ObjectToInstantiate: {fileID: 0}
      m_TileFlags: 1
      m_ColliderType: 1
  - first: {x: 7, y: -3, z: 0}
    second:
      m_TileIndex: 2
      m_TileSpriteIndex: 2
      m_TileMatrixIndex: 0
      m_TileColorIndex: 0
      m_ObjectToInstantiate: {fileID: 0}
      m_TileFlags: 1
      m_ColliderType: 1
  - first: {x: 8, y: -3, z: 0}
    second:
      m_TileIndex: 0
      m_TileSpriteIndex: 0
      m_TileMatrixIndex: 0
      m_TileColorIndex: 0
      m_ObjectToInstantiate: {fileID: 0}
      m_TileFlags: 1
      m_ColliderType: 1
  - first: {x: 9, y: -3, z: 0}
    second:
      m_TileIndex: 0
      m_TileSpriteIndex: 0
      m_TileMatrixIndex: 0
      m_TileColorIndex: 0
      m_ObjectToInstantiate: {fileID: 0}
      m_TileFlags: 1
      m_ColliderType: 1
  - first: {x: -2, y: -2, z: 0}
    second:
      m_TileIndex: 0
      m_TileSpriteIndex: 0
      m_TileMatrixIndex: 0
      m_TileColorIndex: 0
      m_ObjectToInstantiate: {fileID: 0}
      m_TileFlags: 1
      m_ColliderType: 1
  - first: {x: -1, y: -2, z: 0}
    second:
      m_TileIndex: 1
      m_TileSpriteIndex: 1
      m_TileMatrixIndex: 0
      m_TileColorIndex: 0
      m_ObjectToInstantiate: {fileID: 0}
      m_TileFlags: 1
      m_ColliderType: 1
  - first: {x: 0, y: -2, z: 0}
    second:
      m_TileIndex: 1
      m_TileSpriteIndex: 1
      m_TileMatrixIndex: 0
      m_TileColorIndex: 0
      m_ObjectToInstantiate: {fileID: 0}
      m_TileFlags: 1
      m_ColliderType: 1
  - first: {x: 1, y: -2, z: 0}
    second:
      m_TileIndex: 1
      m_TileSpriteIndex: 1
      m_TileMatrixIndex: 0
      m_TileColorIndex: 0
      m_ObjectToInstantiate: {fileID: 0}
      m_TileFlags: 1
      m_ColliderType: 1
  - first: {x: 2, y: -2, z: 0}
    second:
      m_TileIndex: 1
      m_TileSpriteIndex: 1
      m_TileMatrixIndex: 0
      m_TileColorIndex: 0
      m_ObjectToInstantiate: {fileID: 0}
      m_TileFlags: 1
      m_ColliderType: 1
  - first: {x: 3, y: -2, z: 0}
    second:
      m_TileIndex: 1
      m_TileSpriteIndex: 1
      m_TileMatrixIndex: 0
      m_TileColorIndex: 0
      m_ObjectToInstantiate: {fileID: 0}
      m_TileFlags: 1
      m_ColliderType: 1
  - first: {x: 4, y: -2, z: 0}
    second:
      m_TileIndex: 1
      m_TileSpriteIndex: 1
      m_TileMatrixIndex: 0
      m_TileColorIndex: 0
      m_ObjectToInstantiate: {fileID: 0}
      m_TileFlags: 1
      m_ColliderType: 1
  - first: {x: 5, y: -2, z: 0}
    second:
      m_TileIndex: 1
      m_TileSpriteIndex: 1
      m_TileMatrixIndex: 0
      m_TileColorIndex: 0
      m_ObjectToInstantiate: {fileID: 0}
      m_TileFlags: 1
      m_ColliderType: 1
  - first: {x: 6, y: -2, z: 0}
    second:
      m_TileIndex: 1
      m_TileSpriteIndex: 1
      m_TileMatrixIndex: 0
      m_TileColorIndex: 0
      m_ObjectToInstantiate: {fileID: 0}
      m_TileFlags: 1
      m_ColliderType: 1
  - first: {x: 7, y: -2, z: 0}
    second:
      m_TileIndex: 1
      m_TileSpriteIndex: 1
      m_TileMatrixIndex: 0
      m_TileColorIndex: 0
      m_ObjectToInstantiate: {fileID: 0}
      m_TileFlags: 1
      m_ColliderType: 1
  - first: {x: 8, y: -2, z: 0}
    second:
      m_TileIndex: 0
      m_TileSpriteIndex: 0
      m_TileMatrixIndex: 0
      m_TileColorIndex: 0
      m_ObjectToInstantiate: {fileID: 0}
      m_TileFlags: 1
      m_ColliderType: 1
  - first: {x: 9, y: -2, z: 0}
    second:
      m_TileIndex: 0
      m_TileSpriteIndex: 0
      m_TileMatrixIndex: 0
      m_TileColorIndex: 0
      m_ObjectToInstantiate: {fileID: 0}
      m_TileFlags: 1
      m_ColliderType: 1
  - first: {x: -2, y: -1, z: 0}
    second:
      m_TileIndex: 0
      m_TileSpriteIndex: 0
      m_TileMatrixIndex: 0
      m_TileColorIndex: 0
      m_ObjectToInstantiate: {fileID: 0}
      m_TileFlags: 1
      m_ColliderType: 1
  - first: {x: -1, y: -1, z: 0}
    second:
      m_TileIndex: 1
      m_TileSpriteIndex: 1
      m_TileMatrixIndex: 0
      m_TileColorIndex: 0
      m_ObjectToInstantiate: {fileID: 0}
      m_TileFlags: 1
      m_ColliderType: 1
  - first: {x: 0, y: -1, z: 0}
    second:
      m_TileIndex: 1
      m_TileSpriteIndex: 1
      m_TileMatrixIndex: 0
      m_TileColorIndex: 0
      m_ObjectToInstantiate: {fileID: 0}
      m_TileFlags: 1
      m_ColliderType: 1
  - first: {x: 1, y: -1, z: 0}
    second:
      m_TileIndex: 3
      m_TileSpriteIndex: 3
      m_TileMatrixIndex: 0
      m_TileColorIndex: 0
      m_ObjectToInstantiate: {fileID: 0}
      m_TileFlags: 1
      m_ColliderType: 1
  - first: {x: 2, y: -1, z: 0}
    second:
      m_TileIndex: 1
      m_TileSpriteIndex: 1
      m_TileMatrixIndex: 0
      m_TileColorIndex: 0
      m_ObjectToInstantiate: {fileID: 0}
      m_TileFlags: 1
      m_ColliderType: 1
  - first: {x: 3, y: -1, z: 0}
    second:
      m_TileIndex: 1
      m_TileSpriteIndex: 1
      m_TileMatrixIndex: 0
      m_TileColorIndex: 0
      m_ObjectToInstantiate: {fileID: 0}
      m_TileFlags: 1
      m_ColliderType: 1
  - first: {x: 4, y: -1, z: 0}
    second:
      m_TileIndex: 2
      m_TileSpriteIndex: 2
      m_TileMatrixIndex: 0
      m_TileColorIndex: 0
      m_ObjectToInstantiate: {fileID: 0}
      m_TileFlags: 1
      m_ColliderType: 1
  - first: {x: 5, y: -1, z: 0}
    second:
      m_TileIndex: 3
      m_TileSpriteIndex: 3
      m_TileMatrixIndex: 0
      m_TileColorIndex: 0
      m_ObjectToInstantiate: {fileID: 0}
      m_TileFlags: 1
      m_ColliderType: 1
  - first: {x: 6, y: -1, z: 0}
    second:
      m_TileIndex: 3
      m_TileSpriteIndex: 3
      m_TileMatrixIndex: 0
      m_TileColorIndex: 0
      m_ObjectToInstantiate: {fileID: 0}
      m_TileFlags: 1
      m_ColliderType: 1
  - first: {x: 7, y: -1, z: 0}
    second:
      m_TileIndex: 1
      m_TileSpriteIndex: 1
      m_TileMatrixIndex: 0
      m_TileColorIndex: 0
      m_ObjectToInstantiate: {fileID: 0}
      m_TileFlags: 1
      m_ColliderType: 1
  - first: {x: 8, y: -1, z: 0}
    second:
      m_TileIndex: 0
      m_TileSpriteIndex: 0
      m_TileMatrixIndex: 0
      m_TileColorIndex: 0
      m_ObjectToInstantiate: {fileID: 0}
      m_TileFlags: 1
      m_ColliderType: 1
  - first: {x: 9, y: -1, z: 0}
    second:
      m_TileIndex: 0
      m_TileSpriteIndex: 0
      m_TileMatrixIndex: 0
      m_TileColorIndex: 0
      m_ObjectToInstantiate: {fileID: 0}
      m_TileFlags: 1
      m_ColliderType: 1
  - first: {x: -2, y: 0, z: 0}
    second:
      m_TileIndex: 0
      m_TileSpriteIndex: 0
      m_TileMatrixIndex: 0
      m_TileColorIndex: 0
      m_ObjectToInstantiate: {fileID: 0}
      m_TileFlags: 1
      m_ColliderType: 1
  - first: {x: -1, y: 0, z: 0}
    second:
      m_TileIndex: 1
      m_TileSpriteIndex: 1
      m_TileMatrixIndex: 0
      m_TileColorIndex: 0
      m_ObjectToInstantiate: {fileID: 0}
      m_TileFlags: 1
      m_ColliderType: 1
  - first: {x: 0, y: 0, z: 0}
    second:
      m_TileIndex: 1
      m_TileSpriteIndex: 1
      m_TileMatrixIndex: 0
      m_TileColorIndex: 0
      m_ObjectToInstantiate: {fileID: 0}
      m_TileFlags: 1
      m_ColliderType: 1
  - first: {x: 1, y: 0, z: 0}
    second:
      m_TileIndex: 1
      m_TileSpriteIndex: 1
      m_TileMatrixIndex: 0
      m_TileColorIndex: 0
      m_ObjectToInstantiate: {fileID: 0}
      m_TileFlags: 1
      m_ColliderType: 1
  - first: {x: 2, y: 0, z: 0}
    second:
      m_TileIndex: 1
      m_TileSpriteIndex: 1
      m_TileMatrixIndex: 0
      m_TileColorIndex: 0
      m_ObjectToInstantiate: {fileID: 0}
      m_TileFlags: 1
      m_ColliderType: 1
  - first: {x: 3, y: 0, z: 0}
    second:
      m_TileIndex: 1
      m_TileSpriteIndex: 1
      m_TileMatrixIndex: 0
      m_TileColorIndex: 0
      m_ObjectToInstantiate: {fileID: 0}
      m_TileFlags: 1
      m_ColliderType: 1
  - first: {x: 4, y: 0, z: 0}
    second:
      m_TileIndex: 1
      m_TileSpriteIndex: 1
      m_TileMatrixIndex: 0
      m_TileColorIndex: 0
      m_ObjectToInstantiate: {fileID: 0}
      m_TileFlags: 1
      m_ColliderType: 1
  - first: {x: 5, y: 0, z: 0}
    second:
      m_TileIndex: 1
      m_TileSpriteIndex: 1
      m_TileMatrixIndex: 0
      m_TileColorIndex: 0
      m_ObjectToInstantiate: {fileID: 0}
      m_TileFlags: 1
      m_ColliderType: 1
  - first: {x: 6, y: 0, z: 0}
    second:
      m_TileIndex: 1
      m_TileSpriteIndex: 1
      m_TileMatrixIndex: 0
      m_TileColorIndex: 0
      m_ObjectToInstantiate: {fileID: 0}
      m_TileFlags: 1
      m_ColliderType: 1
  - first: {x: 7, y: 0, z: 0}
    second:
      m_TileIndex: 1
      m_TileSpriteIndex: 1
      m_TileMatrixIndex: 0
      m_TileColorIndex: 0
      m_ObjectToInstantiate: {fileID: 0}
      m_TileFlags: 1
      m_ColliderType: 1
  - first: {x: 8, y: 0, z: 0}
    second:
      m_TileIndex: 0
      m_TileSpriteIndex: 0
      m_TileMatrixIndex: 0
      m_TileColorIndex: 0
      m_ObjectToInstantiate: {fileID: 0}
      m_TileFlags: 1
      m_ColliderType: 1
  - first: {x: 9, y: 0, z: 0}
    second:
      m_TileIndex: 0
      m_TileSpriteIndex: 0
      m_TileMatrixIndex: 0
      m_TileColorIndex: 0
      m_ObjectToInstantiate: {fileID: 0}
      m_TileFlags: 1
      m_ColliderType: 1
  - first: {x: -2, y: 1, z: 0}
    second:
      m_TileIndex: 0
      m_TileSpriteIndex: 0
      m_TileMatrixIndex: 0
      m_TileColorIndex: 0
      m_ObjectToInstantiate: {fileID: 0}
      m_TileFlags: 1
      m_ColliderType: 1
  - first: {x: -1, y: 1, z: 0}
    second:
      m_TileIndex: 1
      m_TileSpriteIndex: 1
      m_TileMatrixIndex: 0
      m_TileColorIndex: 0
      m_ObjectToInstantiate: {fileID: 0}
      m_TileFlags: 1
      m_ColliderType: 1
  - first: {x: 0, y: 1, z: 0}
    second:
      m_TileIndex: 1
      m_TileSpriteIndex: 1
      m_TileMatrixIndex: 0
      m_TileColorIndex: 0
      m_ObjectToInstantiate: {fileID: 0}
      m_TileFlags: 1
      m_ColliderType: 1
  - first: {x: 1, y: 1, z: 0}
    second:
      m_TileIndex: 2
      m_TileSpriteIndex: 2
      m_TileMatrixIndex: 0
      m_TileColorIndex: 0
      m_ObjectToInstantiate: {fileID: 0}
      m_TileFlags: 1
      m_ColliderType: 1
  - first: {x: 2, y: 1, z: 0}
    second:
      m_TileIndex: 1
      m_TileSpriteIndex: 1
      m_TileMatrixIndex: 0
      m_TileColorIndex: 0
      m_ObjectToInstantiate: {fileID: 0}
      m_TileFlags: 1
      m_ColliderType: 1
  - first: {x: 3, y: 1, z: 0}
    second:
      m_TileIndex: 3
      m_TileSpriteIndex: 3
      m_TileMatrixIndex: 0
      m_TileColorIndex: 0
      m_ObjectToInstantiate: {fileID: 0}
      m_TileFlags: 1
      m_ColliderType: 1
  - first: {x: 4, y: 1, z: 0}
    second:
      m_TileIndex: 1
      m_TileSpriteIndex: 1
      m_TileMatrixIndex: 0
      m_TileColorIndex: 0
      m_ObjectToInstantiate: {fileID: 0}
      m_TileFlags: 1
      m_ColliderType: 1
  - first: {x: 5, y: 1, z: 0}
    second:
      m_TileIndex: 1
      m_TileSpriteIndex: 1
      m_TileMatrixIndex: 0
      m_TileColorIndex: 0
      m_ObjectToInstantiate: {fileID: 0}
      m_TileFlags: 1
      m_ColliderType: 1
  - first: {x: 6, y: 1, z: 0}
    second:
      m_TileIndex: 3
      m_TileSpriteIndex: 3
      m_TileMatrixIndex: 0
      m_TileColorIndex: 0
      m_ObjectToInstantiate: {fileID: 0}
      m_TileFlags: 1
      m_ColliderType: 1
  - first: {x: 7, y: 1, z: 0}
    second:
      m_TileIndex: 2
      m_TileSpriteIndex: 2
      m_TileMatrixIndex: 0
      m_TileColorIndex: 0
      m_ObjectToInstantiate: {fileID: 0}
      m_TileFlags: 1
      m_ColliderType: 1
  - first: {x: 8, y: 1, z: 0}
    second:
      m_TileIndex: 0
      m_TileSpriteIndex: 0
      m_TileMatrixIndex: 0
      m_TileColorIndex: 0
      m_ObjectToInstantiate: {fileID: 0}
      m_TileFlags: 1
      m_ColliderType: 1
  - first: {x: 9, y: 1, z: 0}
    second:
      m_TileIndex: 0
      m_TileSpriteIndex: 0
      m_TileMatrixIndex: 0
      m_TileColorIndex: 0
      m_ObjectToInstantiate: {fileID: 0}
      m_TileFlags: 1
      m_ColliderType: 1
  - first: {x: -2, y: 2, z: 0}
    second:
      m_TileIndex: 0
      m_TileSpriteIndex: 0
      m_TileMatrixIndex: 0
      m_TileColorIndex: 0
      m_ObjectToInstantiate: {fileID: 0}
      m_TileFlags: 1
      m_ColliderType: 1
  - first: {x: -1, y: 2, z: 0}
    second:
      m_TileIndex: 1
      m_TileSpriteIndex: 1
      m_TileMatrixIndex: 0
      m_TileColorIndex: 0
      m_ObjectToInstantiate: {fileID: 0}
      m_TileFlags: 1
      m_ColliderType: 1
  - first: {x: 0, y: 2, z: 0}
    second:
      m_TileIndex: 2
      m_TileSpriteIndex: 2
      m_TileMatrixIndex: 0
      m_TileColorIndex: 0
      m_ObjectToInstantiate: {fileID: 0}
      m_TileFlags: 1
      m_ColliderType: 1
  - first: {x: 1, y: 2, z: 0}
    second:
      m_TileIndex: 1
      m_TileSpriteIndex: 1
      m_TileMatrixIndex: 0
      m_TileColorIndex: 0
      m_ObjectToInstantiate: {fileID: 0}
      m_TileFlags: 1
      m_ColliderType: 1
  - first: {x: 2, y: 2, z: 0}
    second:
      m_TileIndex: 1
      m_TileSpriteIndex: 1
      m_TileMatrixIndex: 0
      m_TileColorIndex: 0
      m_ObjectToInstantiate: {fileID: 0}
      m_TileFlags: 1
      m_ColliderType: 1
  - first: {x: 3, y: 2, z: 0}
    second:
      m_TileIndex: 1
      m_TileSpriteIndex: 1
      m_TileMatrixIndex: 0
      m_TileColorIndex: 0
      m_ObjectToInstantiate: {fileID: 0}
      m_TileFlags: 1
      m_ColliderType: 1
  - first: {x: 4, y: 2, z: 0}
    second:
      m_TileIndex: 1
      m_TileSpriteIndex: 1
      m_TileMatrixIndex: 0
      m_TileColorIndex: 0
      m_ObjectToInstantiate: {fileID: 0}
      m_TileFlags: 1
      m_ColliderType: 1
  - first: {x: 5, y: 2, z: 0}
    second:
      m_TileIndex: 1
      m_TileSpriteIndex: 1
      m_TileMatrixIndex: 0
      m_TileColorIndex: 0
      m_ObjectToInstantiate: {fileID: 0}
      m_TileFlags: 1
      m_ColliderType: 1
  - first: {x: 6, y: 2, z: 0}
    second:
      m_TileIndex: 3
      m_TileSpriteIndex: 3
      m_TileMatrixIndex: 0
      m_TileColorIndex: 0
      m_ObjectToInstantiate: {fileID: 0}
      m_TileFlags: 1
      m_ColliderType: 1
  - first: {x: 7, y: 2, z: 0}
    second:
      m_TileIndex: 1
      m_TileSpriteIndex: 1
      m_TileMatrixIndex: 0
      m_TileColorIndex: 0
      m_ObjectToInstantiate: {fileID: 0}
      m_TileFlags: 1
      m_ColliderType: 1
  - first: {x: 8, y: 2, z: 0}
    second:
      m_TileIndex: 0
      m_TileSpriteIndex: 0
      m_TileMatrixIndex: 0
      m_TileColorIndex: 0
      m_ObjectToInstantiate: {fileID: 0}
      m_TileFlags: 1
      m_ColliderType: 1
  - first: {x: 9, y: 2, z: 0}
    second:
      m_TileIndex: 0
      m_TileSpriteIndex: 0
      m_TileMatrixIndex: 0
      m_TileColorIndex: 0
      m_ObjectToInstantiate: {fileID: 0}
      m_TileFlags: 1
      m_ColliderType: 1
  m_AnimatedTiles: {}
  m_TileAssetArray:
  - m_RefCount: 18
    m_Data: {fileID: 11400000, guid: aa23b793c805c0d4db0277498909dcb0, type: 2}
  - m_RefCount: 40
    m_Data: {fileID: 11400000, guid: ef956bbd7fa1f6944b76bc678ff51e5b, type: 2}
  - m_RefCount: 6
    m_Data: {fileID: 11400000, guid: 7a0d0f96f3a6b3748bd39fe1ad2a55c8, type: 2}
  - m_RefCount: 8
    m_Data: {fileID: 11400000, guid: fb900186a2ad3994a826d0cf88bf88d9, type: 2}
  m_TileSpriteArray:
  - m_RefCount: 18
    m_Data: {fileID: 21300000, guid: a52bc803e740cc544b5d0dbeec9eda83, type: 3}
  - m_RefCount: 40
    m_Data: {fileID: 21300000, guid: 2358e35fcc1e64b4bb49fc7532c42f4b, type: 3}
  - m_RefCount: 6
    m_Data: {fileID: 21300000, guid: 0db475922d3db9449a0d7693d0192b1f, type: 3}
  - m_RefCount: 8
    m_Data: {fileID: 21300000, guid: 328afcd6a10d06547a226db815a26ea7, type: 3}
  m_TileMatrixArray:
  - m_RefCount: 72
    m_Data:
      e00: 1
      e01: 0
      e02: 0
      e03: 0
      e10: 0
      e11: 1
      e12: 0
      e13: 0
      e20: 0
      e21: 0
      e22: 1
      e23: 0
      e30: 0
      e31: 0
      e32: 0
      e33: 1
  m_TileColorArray:
  - m_RefCount: 72
    m_Data: {r: 1, g: 1, b: 1, a: 1}
  m_AnimationFrameRate: 1
  m_Color: {r: 1, g: 1, b: 1, a: 1}
  m_Origin: {x: -11, y: -11, z: -1}
  m_Size: {x: 23, y: 21, z: 2}
  m_TileAnchor: {x: 0.1, y: 0.1, z: 0}
  m_TileOrientation: 6
  m_TileOrientationMatrix:
    e00: 1.6
    e01: 0
    e02: 0
    e03: 0
    e10: 0
    e11: 1.6
    e12: 0
    e13: 0
    e20: 0
    e21: 0
    e22: 1.6
    e23: 0
    e30: 0
    e31: 0
    e32: 0
    e33: 1
--- !u!1001 &2105794758
PrefabInstance:
  m_ObjectHideFlags: 0
  serializedVersion: 2
  m_Modification:
    m_TransformParent: {fileID: 0}
    m_Modifications:
    - target: {fileID: 5510337339763895965, guid: 8829358ae82b2f8458f0e056e7d3b699,
        type: 3}
      propertyPath: m_Name
      value: zombie (3)
      objectReference: {fileID: 0}
    - target: {fileID: 5510337339763895965, guid: 8829358ae82b2f8458f0e056e7d3b699,
        type: 3}
      propertyPath: m_TagString
      value: zombie
      objectReference: {fileID: 0}
    - target: {fileID: 4524173783383288646, guid: 8829358ae82b2f8458f0e056e7d3b699,
        type: 3}
      propertyPath: m_LocalPosition.x
      value: 0.76
      objectReference: {fileID: 0}
    - target: {fileID: 4524173783383288646, guid: 8829358ae82b2f8458f0e056e7d3b699,
        type: 3}
      propertyPath: m_LocalPosition.y
      value: 1.1
      objectReference: {fileID: 0}
    - target: {fileID: 4524173783383288646, guid: 8829358ae82b2f8458f0e056e7d3b699,
        type: 3}
      propertyPath: m_LocalPosition.z
      value: 0
      objectReference: {fileID: 0}
    - target: {fileID: 4524173783383288646, guid: 8829358ae82b2f8458f0e056e7d3b699,
        type: 3}
      propertyPath: m_LocalRotation.x
      value: -0
      objectReference: {fileID: 0}
    - target: {fileID: 4524173783383288646, guid: 8829358ae82b2f8458f0e056e7d3b699,
        type: 3}
      propertyPath: m_LocalRotation.y
      value: 0
      objectReference: {fileID: 0}
    - target: {fileID: 4524173783383288646, guid: 8829358ae82b2f8458f0e056e7d3b699,
        type: 3}
      propertyPath: m_LocalRotation.z
      value: 0
      objectReference: {fileID: 0}
    - target: {fileID: 4524173783383288646, guid: 8829358ae82b2f8458f0e056e7d3b699,
        type: 3}
      propertyPath: m_LocalRotation.w
      value: 1
      objectReference: {fileID: 0}
    - target: {fileID: 4524173783383288646, guid: 8829358ae82b2f8458f0e056e7d3b699,
        type: 3}
      propertyPath: m_RootOrder
      value: 3
      objectReference: {fileID: 0}
    - target: {fileID: 4524173783383288646, guid: 8829358ae82b2f8458f0e056e7d3b699,
        type: 3}
      propertyPath: m_LocalEulerAnglesHint.x
      value: 0
      objectReference: {fileID: 0}
    - target: {fileID: 4524173783383288646, guid: 8829358ae82b2f8458f0e056e7d3b699,
        type: 3}
      propertyPath: m_LocalEulerAnglesHint.y
      value: 0
      objectReference: {fileID: 0}
    - target: {fileID: 4524173783383288646, guid: 8829358ae82b2f8458f0e056e7d3b699,
        type: 3}
      propertyPath: m_LocalEulerAnglesHint.z
      value: 0
      objectReference: {fileID: 0}
    m_RemovedComponents: []
  m_SourcePrefab: {fileID: 100100000, guid: 8829358ae82b2f8458f0e056e7d3b699, type: 3}
